2164 3413
53 514 139 541 Serm.
149 513 182 539 «le

56 559 179 582 Annunt.

66 1748 135 1778 Luc.
147 1755 173 1774 2.

64 1798 91 1817 v·
103 1797 143 1816 12-

750 80 1072 178 Conceptus
1125 90 1431 159 LXXXIV.

219 181 366 226 MARIA
386 190 516 227 omnis
530 189 647 227 etiam
660 187 792 244 Suspicio
810 187 941 244 culpae.
969 192 1009 227 in

223 243 357 285 arbore
369 247 551 285 nimirum
563 249 794 300 praevaricati
806 246 888 287 sunt
900 248 1011 302 primi

227 316 401 357 parentes
428 321 435 343 :
468 302 579 343 arbor
600 304 693 359 ergo
709 303 797 344 ideo
821 320 901 345 non
918 305 1012 344 dici-

226 373 306 405 tur,
338 375 379 401 ut
408 376 481 401 nec
504 364 777 402 nominetenus
800 363 848 403 ad
866 362 1014 403 causam

226 422 337 473 primi
348 422 493 474 peccati
502 419 604 459 dicat
623 419 854 476 analogiam.
882 427 921 462 ὃ(
933 421 1016 460 haec

229 480 304 530 ipla
335 477 387 516 est
420 480 528 522 ratio,
563 492 629 518 cur
659 480 788 518 Petrus
803 482 1017 519 Damianus

229 536 386 574 dixerim
428 536 596 574 Germinac
618 553 687 592 ergo
709 538 819 592 Virga
844 535 947 593 Jeffie2
979 535 1016 574 de

228 593 370 631 tortuosa?
386 592 492 632 radice
509 595 634 649 generis
658 595 808 641 humani,
840 604 877 637 (9⁴
901 593 938 633 de
950 597 1018 633 Pa-

228 651 441 690 triarcharum
468 652 595 691 Arbore
613 653 645 691 in
682 652 883 692 altitudinem
916 668 1019 691 erum-

222 721 301 764 pens
319 738 328 754 ,
359 726 478 748 omnem
509 711 634 765 ignorat
660 709 860 764 nodcfitatem
886 739 895 755 ,
920 711 1020 765 solio-

228 783 298 806 rum
318 767 457 807 tenebra
485 768 584 823 nestit.
625 767 688 808 ubi
714 768 850 809 ultima
870 767 1016 824 praeier-

230 832 302 865 tim
324 826 496 866 notanda
527 826 664 867 verba:
701 827 852 882 soliorum
878 826 1017 865 tenebras

229 884 332 938 ncfiic.
366 885 457 938 quid
468 888 573 924 enirn
585 885 696 926 estM
709 900 769 925 AR
782 902 793 925 1
806 901 829 924 A
843 900 873 925 M
899 886 1017 924 nesci-

229 957 267 981 re
280 942 454 982 tenebras
474 942 678 983 foliorum?
710 944 777 983 nisi
800 958 840 984 ut
859 943 1021 983 denote-

230 1014 290 1040 tur
302 1030 312 1045 ,
346 1016 427 1041 non
450 1000 570 1041 solum
605 1004 651 1041 M
664 1016 688 1040 Α
702 1016 727 1042 R
740 1018 752 1041 1
766 1017 790 1041 A
803 1017 834 1042 Μ
874 1004 1022 1058 peccati

231 1059 426 1115 originalis
450 1059 534 1099 labe
545 1057 698 1100 caruisse
726 1063 765 1100 in
782 1062 1022 1115 Conceptio-

231 1132 280 1156 ne
299 1136 307 1163 5
334 1121 465 1158 verum
479 1121 594 1158 etiam
615 1117 790 1158 umbram
803 1122 949 1175 peccati
968 1123 1022 1174 ig-

232 1174 389 1215 iioraile.
430 1175 585 1216 Arboris
609 1175 707 1230 folijs
723 1207 732 1222 ,
765 1180 806 1216 in
829 1176 905 1231 qua
930 1191 1023 1232 prae-

232 1237 388 1274 varicati
424 1233 575 1275 fuerunt
606 1238 721 1291 primi
740 1249 936 1291 parentes,
968 1234 1023 1274 fe-

233 1307 368 1333 cerunt
377 1291 442 1333 sibi
453 1296 691 1349 perizomata
700 1320 711 1336 ‚
739 1300 778 1336 δε
790 1306 1024 1350 operuerunt

234 1349 281 1396 sti,
307 1351 440 1392 nudati
467 1351 611 1408 gratia,
643 1351 741 1407 folijs
754 1355 911 1409 peccati.
943 1352 1026 1392 haec

234 1408 327 1449 folia
347 1413 538 1466 ignoravit
555 1413 723 1456 MARm,
751 1426 917 1465 quorum
942 1426 1026 1450 um-

236 1467 304 1507 bra
336 1483 538 1523 nunquam
576 1468 647 1509 fuit
676 1483 871 1525 cooperta.
931 1468 1025 1524 Abfit

236 1524 329 1582 ergo
366 1527 387 1565 d
407 1528 442 1566 D
457 1530 535 1567 EI
557 1528 718 1568 Genitrice
753 1529 853 1567 omnv's
886 1526 1025 1583 sicspicio.

237 1585 311 1625 Sed
327 1584 443 1625 alium
452 1589 652 1641 Scripturae
665 1585 797 1626 locum
818 1588 870 1625 rei
892 1585 1028 1625 nostrae

236 1642 435 1684 faventem
456 1644 700 1684 adducamus.
762 1646 871 1684 Nato
901 1643 1027 1684 Salva-

237 1701 483 1748 torenostro,
515 1705 567 1742 ait
593 1701 761 1758 Angelus
785 1702 993 1758 pastoribus
1018 1717 1026 1740 2

235 1761 414 1799 Invenietis
425 1761 704 1817 infantempannis
715 1761 906 1803 involutum,
922 1768 960 1803 ὠ·
968 1772 1028 1816 po-

225 1817 325 1873 fitum
337 1819 370 1857 in
379 1818 533 1874 praesepio.
567 1818 673 1873 quod
700 1817 761 1874 pie
789 1819 1028 1859 confiderans

236 1878 289 1916 D.
320 1877 532 1917 Bernardus
542 1905 551 1922 ‚
598 1875 890 1932 condolensc‘lue
912 1890 1029 1917 tanta:

238 1937 385 1975 MARI
401 1951 436 1975 ,οἱ
452 1965 461 1981 ,
492 1941 531 1976 &
549 1939 570 1985 J
587 1949 763 1975 OSEPHI
787 1938 939 1991 inopiae,
954 1938 1025 1974 ait:

65 2015 153 2041 Serm.
167 2022 190 2047 3·
239 1995 289 2032 Ec
304 2010 372 2033 cum
385 1993 453 2050 effic
468 2008 561 2032 tanta
581 1995 734 2049 neceffitas
755 2022 766 2039 ,
800 1994 918 2033 nullam
937 1992 1029 2032 audio

66 2054 99 2082 de
109 2052 208 2084 Natal.
232 2051 360 2108 pellium
372 2052 448 2106 fieri
470 2053 664 2091 mentionem.
692 2067 759 2092 cur
778 2055 922 2092 miraris
935 2050 1029 2091 mel-

69 2099 144 2125 Dom
151 2120 157 2124 .

77 2486 141 2511 Gen.
159 2492 181 2516 3-

76 2534 103 2552 v.
114 2533 151 2552 21·

80 2967 132 2995 loc·
142 2968 187 2995 cit.

240 2109 342 2150 lii-lue
355 2113 465 2150 Pater
483 2123 493 2150 .>
525 2125 641 2164 quare
663 2126 756 2167 ergo
784 2110 837 2150 ibi
858 2110 964 2150 nulla
989 2110 1031 2150 fit

242 2168 402 2223 pellium
422 2171 571 2209 mentio
591 2181 601 2208 ἓ
630 2183 695 2208 aut
719 2184 785 2208 cur
813 2168 884 2208 illis
905 2168 1028 2208 infans

243 2229 284 2267 D
298 2229 325 2266 E
338 2231 407 2268 US
443 2242 524 2266 non
548 2226 778 2272 obvolvitur,
797 2231 930 2282 pannis
944 2226 1029 2266 lolis

245 2300 450 2326 contentus
473 2297 483 2325 ‚³
516 2300 596 2325 non
610 2284 725 2325 aliam
746 2284 848 2325 certe
867 2285 919 2325 ob
945 2300 1031 2324 cau-

245 2343 323 2384 sam
340 2373 349 2388 ,
380 2344 446 2384 nifi
469 2347 558 2397 quia
590 2342 706 2398 pelles
728 2347 939 2398 primorum
970 2358 1034 2398 pa-

246 2417 398 2442 rentum
423 2406 460 2442 in
482 2401 650 2457 paradilo
677 2401 829 2441 fuerunt
852 2415 1007 2441 ornatus
1022 2431 1031 2446 ,

245 2462 350 2514 juxta
362 2460 454 2501 illud
476 2478 483 2499 ε
517 2461 602 2499 Fecit
614 2476 731 2516 quoque
743 2461 900 2498 Dominus
911 2461 1041 2498 DELIS

245 2519 340 2564 Adae,
361 2528 398 2562 (9‘
416 2520 510 2559 uxori
541 2521 608 2573 ejws
630 2547 640 2564 ‚
671 2519 789 2557 tunicas
818 2517 969 2574 pellicem,
1001 2526 1038 2559 (9⁸

245 2577 350 2616 induit
367 2594 426 2617 eos.
459 2580 548 2617 cum
582 2591 676 2633 ergo
698 2575 815 2633 pelles
836 2590 1039 2631 parentum

246 2636 471 2676 nudidatem
484 2638 703 2690 operuerint
714 2663 724 2680 ‚
763 2637 902 2689 ineptae
917 2648 1036 2679 erant,

246 2708 287 2733 ut
313 2697 363 2733 eis
390 2694 561 2734 Christus
586 2692 866 2734 involveretur:
899 2706 948 2732 ne
971 2691 1035 2732 ubi

248 2751 378 2791 aderat
399 2755 567 2795 MAiuA,
593 2750 789 2808 originalis
804 2750 924 2806 culpae
946 2750 1035 2791 efflet

248 2809 308 2849 vel
348 2813 510 2850 minima
526 2810 673 2866 ficspici0‚
707 2824 770 2850 aut
808 2809 1032 2850 recordatio.

250 2868 355 2922 quod
376 2868 595 2922 emphatice
621 2867 704 2909 satis
725 2868 926 2909 denotavit
947 2871 1034 2907 Ber-

251 2926 390 2966 nardus
404 2955 413 2970 ‚
433 2926 490 2965 his
505 2927 646 2967 verbis:
681 2928 815 2966 Primus
827 2925 941 2965 Adam
945 2926 1036 2982 pelli-

251 2986 308 3024 cm
325 2985 456 3037 ‘vestitur
466 2985 579 3022 tunicis
593 3013 603 3029 ‚
626 2987 745 3041 panni&
755 2983 912 3039 ficundm
926 2985 1038 3023 obvol-

251 3044 353 3082 vitur.
384 3041 491 3096 quod
507 3041 560 3081 est
576 3042 720 3083 dicere:
751 3046 892 3097 primus
912 3043 1038 3083 Adam

252 3100 419 3156 pelliceis
446 3103 561 3140 utitur
572 3103 721 3146 tunicis,
744 3105 785 3140 in
803 3100 949 3156 fignum
967 3100 1036 3141 suae

253 3158 456 3202 nuditatis,
476 3164 513 3200 ὃ(
534 3161 877 3214 praevaricationis:
907 3157 1035 3200 secun-

1059 189 1127 229 dus
1145 189 1237 229 vero
1259 205 1339 230 non
1355 187 1514 245 pellibus
1544 187 1605 228 sed
1628 191 1762 244 pannis
1778 185 1848 227 ob*

1061 246 1246 293 volvitur,
1274 263 1322 287 ne
1349 247 1413 287 ubi
1443 247 1572 287 aderat
1587 250 1758 290 Minui,
1789 244 1849 284 vel

1062 308 1225 345 minima
1238 308 1350 362 primi
1362 304 1488 344 dilecti
1495 305 1624 360 fhspicio
1644 303 1774 344 locum
1784 301 1853 342 ob-

1064 367 1216 404 tineret.
1285 366 1477 403 Mirantur
1519 363 1620 402 haud
1658 359 1854 401 immerito

1066 420 1203 475 aliqui,
1234 437 1299 461 cur
1308 424 1468 465 MARm,
1486 434 1565 461 tam
1582 420 1697 459 chara
1713 417 1855 459 Christi

1067 482 1218 523 Mater,
1250 478 1490 534 praesentibus
1535 477 1748 534 Apostolss,
1780 474 1857 530 ipla

1065 537 1227 578 abfuerit
1261 536 1502 577 acoenaculo
1522 565 1531 581 ‚
1560 540 1600 576 in
1640 550 1719 590 quo
1748 532 1855 590 pijffi-

1066 611 1150 635 mus
1181 596 1424 651 Redemptor
1444 594 1750 650 Augustiffimum
1782 593 1855 631 Ev-

1068 653 1253 693 charistiae
1266 657 1552 694 Sacramentum
1576 651 1758 692 instituit?
1793 653 1857 690 Sa-

1069 711 1314 751 cratiffirnum
1337 710 1401 751 hic
1430 710 1705 767 praeparabatur
1723 710 1855 748 convi-

1065 773 1183 814 vium,
1202 768 1414 823 eademque
1426 785 1528 812 caro,
1538 775 1577 810 ὃς
1593 767 1737 825 languis
1751 766 1857 806 idem

1069 835 1079 878 (
1098 841 1139 867 ut
1155 842 1243 869 curn
1260 827 1472 882 Augustino
1484 827 1640 880 loquar)
1678 840 1794 880 quem
1809 839 1856 864 ex

1066 885 1192 926 Maria
1221 882 1460 939 affumpserat
1482 914 1491 930 ‚
1523 884 1586 924 iub
1618 884 1690 923 illis
1718 883 1856 939 specie-

1070 943 1139 984 bus
1169 943 1470 983 ministrabatur:
1504 958 1569 982 cur
1602 957 1693 998 ergo
1718 940 1858 981 atanta

1071 1001 1291 1042 celebritate
1303 1004 1440 1046 ,Mater
1451 999 1684 1042 excluditur?
1715 1015 1781 1039 cur
1792 998 1859 1039 ab-

1073 1060 1153 1101 est?
1185 1075 1279 1100 num
1304 1059 1422 1100 habet
1445 1058 1677 1101 Evcharistia
1711 1057 1862 1113 opposi-

1071 1122 1222 1159 tionem
1239 1118 1434 1172 quandam
1454 1133 1544 1157 cum
1565 1118 1762 1157 MARIA?
1793 1118 1866 1155 rni-

1072 1176 1191 1218 nime.
1229 1177 1394 1216 dicenda
1416 1179 1541 1232 potius
1592 1189 1734 1230 magna
1767 1177 1866 1214 inter

1072 1236 1188 1280 hanc,
1211 1240 1251 1276 ὃς
1281 1234 1389 1274 illam
1414 1233 1752 1289 consanguinitatis
1772 1247 1865 1288 cog-

1076 1296 1195 1334 natio.
1228 1307 1294 1332 cui·
1305 1308 1396 1349 ergo
1410 1308 1491 1332 non
1514 1292 1617 1333 adest
1636 1294 1683 1332 M
1699 1294 1731 1331 A
1746 1292 1865 1334 MA,

1076 1355 1167 1393 cum
1188 1351 1358 1394 Christus
1370 1350 1642 1392 Evcharistiam
1672 1349 1832 1390 instituit
1854 1361 1866 1389 Β

1077 1409 1340 1466 Respondeo:
1374 1408 1490 1455 Ideo3
1521 1412 1608 1463 quia
1623 1408 1694 1448 fuit
1718 1411 1758 1447 in
1784 1422 1867 1463 gra-

1079 1468 1131 1510 tia
1143 1495 1154 1512 ‚
1174 1474 1214 1510 ὃς
1228 1471 1432 1509 Sanctitate
1448 1469 1750 1523 concepta3ct1m
1762 1469 1869 1505 enim

1078 1527 1250 1568 Christus
1262 1530 1301 1566 in
1315 1526 1456 1567 eodem
1468 1524 1672 1567 coenaculo
1685 1523 1798 1580 pedes
1809 1524 1866 1563 di-

1078 1584 1307 1641 scipulorum
1326 1585 1459 1626 laverit
1477 1614 1488 1630 ,
1520 1590 1560 1625 ὃς
1585 1584 1656 1623 hac
1671 1583 1866 1622 functione

1079 1647 1227 1701 peccati
1265 1642 1459 1699 originalis
1493 1641 1653 1682 abluerit
1672 1655 1867 1680 venenum

1081 1708 1144 1752 (ut
1159 1718 1207 1742 ex
1230 1705 1261 1743 S.
1279 1701 1479 1741 Ambrosio
1497 1703 1659 1756 inperitis
1683 1701 1866 1754 Concep—

1079 1774 1119 1801 tu
1141 1766 1199 1812 69.
1224 1758 1481 1808 ostendimus)
1516 1758 1607 1798 hinc
1620 1756 1796 1798 consulto
1811 1757 1869 1797 di-

1079 1818 1314 1858 leffiffimam
1335 1820 1503 1858 Matrem
1516 1816 1604 1856 illuc
1626 1831 1764 1857 vocare
1785 1830 1868 1855 non

1079 1876 1213 1921 voluit,
1244 1875 1307 1915 ubi
1330 1876 1377 1915 de
1397 1879 1543 1931 peccati
1566 1872 1760 1930 originalis
1781 1887 1868 1929 age-

1079 1935 1188 1975 batur
1205 1934 1405 1974 antidoto:
1433 1949 1481 1973 ne
1508 1934 1556 1973 de
1577 1932 1641 1973 illa
1653 1929 1713 1973 vel
1733 1931 1867 1972 leviter

1070 1993 1223 2049 fhspicari
1245 1996 1326 2046 quis
1347 1991 1488 2048 postet,
1520 1994 1638 2032 etiam
1662 1989 1766 2030 fuiffe
1800 1989 1865 2029 ab·

1079 2052 1210 2092 lutam.
1272 2054 1405 2091 Tanto
1417 2053 1600 2090 nimirum
1617 2049 1741 2089 studio
1771 2050 1863 2088 DEI

1078 2110 1191 2150 Filius
1211 2113 1399 2150 Maternae
1424 2110 1690 2164 conceptionis
1713 2109 1866 2163 puritati

1080 2169 1247 2224 providit
1264 2197 1273 2213 ,
1306 2182 1345 2208 ut
1367 2167 1533 2208 noluerit
1556 2170 1594 2205 in
1612 2164 1781 2220 Deipara
1793 2167 1866 2204 mi-

1080 2231 1229 2267 nimam
1257 2226 1372 2267 {ordis
1393 2224 1586 2282 originalis
1594 2222 1795 2280 ficspicionem
1810 2238 1867 2262 re-

1082 2288 1203 2342 periri.
1262 2289 1410 2327 Verum
1455 2283 1610 2337 obijcies
1631 2299 1640 2320 .·
1671 2297 1737 2321 cur
1772 2295 1866 2336 ergo

1085 2359 1166 2383 non
1181 2343 1376 2398 prohibuit
1397 2358 1551 2397 quoque
1565 2342 1786 2382 MARIAM
1800 2339 1866 2379 ab·

1086 2401 1138 2442 lui
1163 2405 1203 2441 in
1236 2400 1344 2441 fonte
1374 2400 1632 2456 Baprifinarss,
1663 2400 1727 2453 qui
1753 2400 1871 2437 etiam

1088 2474 1282 2500 venenum
1323 2458 1500 2514 serpentis
1540 2457 1689 2502 abluit,
1720 2456 1801 2496 imo
1827 2455 1875 2496 ad

1090 2517 1128 2557 id
1150 2517 1357 2573 specialiter
1377 2517 1430 2557 est
1456 2516 1668 2558 institutus?
1704 2513 1878 2569 Respon-

1087 2575 1186 2616 deo:
1217 2578 1440 2617 MARIAM
1467 2572 1684 2631 Baptismali
1719 2572 1877 2626 quidem

1087 2633 1194 2674 fonte
1219 2640 1289 2683 (ut
1300 2633 1424 2674 nullus
1451 2633 1613 2682 dubito)
1638 2633 1797 2672 tin&am
1819 2630 1877 2669 fu-

1086 2690 1168 2732 isse:
1202 2708 1284 2732 non
1299 2706 1496 2738 tamen‚ut
1513 2690 1705 2748 originalis
1727 2687 1878 2729 macula

1084 2751 1358 2807 abstergeretur
1374 2778 1383 2793 ‚
1412 2766 1527 2805 quam
1550 2748 1711 2789 minime
1726 2760 1878 2786 contra-

1084 2813 1161 2853 xit,
1192 2808 1253 2849 led
1270 2812 1435 2854 tantum,
1460 2822 1499 2849 ut
1511 2807 1573 2848 fiio
1599 2822 1670 2847 nos
1695 2803 1875 2858 exemplo

1083 2869 1132 2907 ad
1163 2866 1438 2922 suscipiendum
1470 2864 1657 2921 Baptisma
1675 2866 1874 2904 invitaret>

1087 2940 1200 2980 atque
1212 2939 1462 2980 augmentum
1485 2927 1611 2979 gratiae
1635 2937 1700 2977 per
1722 2920 1798 2960 hoc
1813 2923 1876 2961 Sa-

1087 2997 1328 3024 cramentum
1344 2982 1538 3037 susciperet
1555 2999 1561 3019 z
1596 2978 1769 3034 adeoc'lue
1779 2981 1873 3033 Bap-

1087 3041 1368 3085 tismumhunc‚
1396 3054 1476 3079 non
1492 3042 1642 3079 tantum
1654 3038 1875 3078 MARIAM

1086 3102 1233 3154 peccati
1253 3097 1446 3154 originalis
1461 3096 1635 3152 ficspet‘lam
1654 3111 1735 3136 non
1751 3094 1875 3133 reddi-

1086 3156 1325 3199 diffeversim
1337 3159 1461 3213 potius
1471 3159 1667 3211 augmenti
1679 3156 1818 3211 gratiae>
1835 3155 1875 3192 &

1144 3217 1219 3256 Oo
1755 3213 1845 3251 San-

1869 811 1897 840 in
1907 809 2025 846 Psal‚89.
