2164 3413
341 175 478 217 furiose
499 176 660 227 disjec'tae
673 204 682 220 ,
694 176 828 215 verum
843 175 959 212 etiam
988 185 1121 211 earum

341 235 516 277 cultores,
535 234 621 274 diro
632 232 748 273 exilio
763 258 773 275 ‚
788 229 1029 284 caedibusque
1051 232 1125 269 rni-

340 308 428 334 rum
438 296 480 333 in
501 292 666 332 modum
688 291 859 330 divexati
879 288 983 329 fuere
1000 306 1010 334 3
1047 301 1127 342 quo

340 364 473 393 tamen
483 350 646 391 minime
659 348 904 393 absterrente,
925 345 1129 403 pulchrum

337 409 506 451 omnino
530 438 541 456 ,
571 424 616 449 ac
649 406 869 448 condecens
891 403 1130 446 existimabat

338 472 529 519 Joannes‚
551 480 621 524 pro
642 468 779 508 Matris
796 467 944 521 capite,
969 477 1131 503 manum

336 525 439 567 suam
451 526 627 580 obijcere.
659 525 716 564 Ex
732 538 810 578 quo
823 536 1011 579 magnum
1029 519 1128 562 adeo

337 585 581 641 Imperatoris
609 581 867 624 Iconomachi
882 595 970 636 erga
991 579 1025 620 se
1045 580 1130 620 odi-

332 647 581 694 umJoannes
597 643 820 685 concitavit,
836 654 879 680 ut
904 642 994 681 curn
1010 641 1057 684 ei,
1082 640 1122 677 in

330 704 610 743 Saracenorum
621 700 771 741 ditione
788 699 958 754 degenti,
993 695 1124 752 aperta

330 763 390 807 vi,
421 774 563 800 nocere
589 762 814 812 neutiquam
847 754 988 812 poffiet,
1022 755 1122 794 hanc

328 816 503 859 fraudem
511 821 649 874 impius
658 818 870 872 Imperator
878 814 1104 869 excogitarit
1116 828 1122 850 :

326 877 389 918 Ad
413 879 691 918 Saracenorum
706 876 890 914 nimirum
903 875 1123 928 Principem

326 933 471 977 litteras
496 935 627 991 dirigit
647 963 658 980 ,
690 932 795 975 velut
816 931 862 972 ab
876 930 955 986 ipso
967 934 1121 981 Joanne

325 1007 507 1040 exaratas,
527 991 684 1048 tamc'jue
693 989 842 1032 acurate
854 1004 920 1045 per
931 990 1118 1028 Notarios

324 1051 511 1110 expressas
533 1081 546 1099 ‚
577 1066 622 1092 ac
637 1049 663 1090 fi
691 1048 768 1106 ipsa
783 1050 943 1100 Joannis
960 1045 1119 1102 scripta,

322 1109 533 1156 sententiae,
565 1125 611 1150 ac
622 1107 738 1150 verba
761 1105 1006 1151 haberentur,
1033 1107 1119 1159 qui-

323 1168 395 1211 bus
411 1169 461 1210 ad
472 1167 733 1210 invadendam
749 1163 1004 1211 Damascum,
1029 1177 1119 1219 pro-

318 1229 464 1270 ditorio
474 1226 611 1272 modo,
647 1229 853 1268 Saracenus
873 1221 1120 1264 invitabatur.

313 1288 485 1328 Miratur
518 1287 684 1342 acceptis
734 1282 868 1323 litteris
909 1283 1090 1336 Princeps
1103 1309 1115 1328 ,

312 1343 587 1400 Joannemque
621 1340 839 1396 accersens,
878 1342 1110 1381 ementitam

312 1407 348 1444 ei
361 1402 586 1460 Epistolam‚
606 1398 919 1458 indignabundus
935 1397 988 1439 ob
1012 1412 1109 1438 ocu-

306 1460 372 1503 los
385 1464 509 1519 ponit.
569 1459 678 1516 Qd
702 1458 768 1500 hic
789 1463 983 1510 Joannes?
1012 1452 1109 1497 conss

311 1520 445 1561 fitetur
455 1518 616 1574 quidem
628 1548 638 1565 ,
663 1517 874 1558 litterarum
885 1515 1026 1556 formas
1038 1514 1108 1556 suis

309 1579 414 1620 haud
439 1576 626 1618 absimiles
640 1605 651 1621 ,
694 1590 778 1631 quae
801 1589 934 1615 tamen
959 1576 1002 1613 in
1022 1573 1105 1630 ipsis

306 1640 623 1681 continerentur,
643 1637 792 1691 prorsus
803 1633 870 1674 fibi
893 1637 1028 1689 ignota
1046 1647 1107 1672 re-

309 1699 443 1752 ponit:
475 1693 624 1750 optime
636 1692 794 1747 quidem
813 1690 1049 1748 perspectum
1070 1689 1106 1731 se

310 1754 468 1799 habere,
498 1753 603 1806 cujus
627 1750 766 1805 infidijs
791 1751 875 1791 haec
901 1749 1106 1791 adversum

309 1811 345 1854 le
366 1825 588 1869 agerentur,
618 1823 874 1852 veruntamen
895 1808 1104 1848 desiderare

308 1871 365 1917 se,
396 1886 443 1912 ac
460 1868 656 1910 humiliter
667 1882 797 1924 petere
828 1866 944 1908 breve
979 1866 1105 1921 quod·
1154 1872 1155 1876 ’

307 1929 399 1969 dam
437 1930 622 1983 temporis
656 1926 843 1983 spatium,
886 1940 966 1980 quo
989 1926 1098 1981 impij
1154 1934 1155 1937 ’

306 1990 449 2028 Leonis
458 1985 631 2026 fraudem
643 1985 820 2042 detegere
832 1982 964 2041 posset.
1024 1984 1099 2024 Sed

306 2044 406 2086 nihil
416 2043 542 2086 effecit
553 2046 696 2089 oratio,
726 2043 808 2084 imo
824 2043 1023 2083 dexteram
1034 2041 1100 2083 hie

306 2103 413 2145 illico
439 2105 627 2159 amputari
657 2100 763 2155 jubet
799 2103 1024 2146 innocenti,
1055 2115 1101 2141 ac

305 2175 547 2219 amputatam
571 2159 728 2217 publico
746 2162 787 2199 in
815 2159 901 2200 foro
914 2158 1100 2215 suspendi.

306 2225 485 2279 Qantus
503 2218 568 2260 hic
590 2218 726 2264 dolor,
784 2232 852 2274 per
875 2217 981 2258 diem
1000 2220 1098 2257 inte-

304 2295 438 2338 grum,
469 2284 665 2332 Joannem
680 2275 867 2322 affecerit,
897 2278 1100 2330 quisenar-

304 2338 424 2380 rabit?
454 2338 503 2379 ad
526 2350 643 2392 quem
681 2349 813 2376 tamen
841 2334 1065 2374 leniendum
1086 2363 1096 2380 ‚

303 2412 466 2439 manum
476 2396 541 2437 fibi
557 2394 579 2436 a
593 2396 782 2450 Tyranno
794 2393 948 2438 restitui,
967 2391 1096 2432 multis

303 2455 478 2513 precibus
502 2484 512 2501 ,
552 2468 619 2511 per
639 2455 796 2494 nuntios
827 2481 837 2497 ,
887 2455 1093 2507 impetrat:

331 2514 341 2525 Α
359 2512 365 2526 Ι

301 2529 424 2570 eaque
470 2511 631 2569 accepta
646 2539 658 2557 ,
694 2510 953 2551 domesticum
996 2523 1092 2549 mox

302 2575 533 2616 Oratorium
553 2567 743 2627 ingressus,
772 2583 899 2625 prono
916 2581 1092 2623 corpore,

301 2645 393 2673 ante
410 2631 627 2685 Imaginem
638 2630 817 2684 Deiparae
840 2626 1061 2683 provolutus
1082 2655 1093 2672 ‚

299 2687 541 2743 excisamdue
571 2701 732 2727 manum
761 2685 926 2742 pristinae
954 2684 1094 2725 admo-

298 2763 392 2789 vens
414 2743 688 2790 commiffurae,
720 2742 842 2784 altum
866 2741 1092 2799 ingemiscit,

753 82 847 142 De
858 78 1149 160 Concepta
1175 81 1330 140 Sacra
1354 78 1592 158 Deipara

1172 187 1252 212 nata
1265 174 1303 228 est
1323 187 1439 210 manua
1459 172 1539 210 tua!
1555 173 1627 226 jam
1643 185 1712 226 ergo
1730 195 1741 213 ‚
1763 167 1833 223 fine
1858 165 1967 212 mord,

1176 246 1246 270 eam
1268 230 1379 270 Scrihae
1394 230 1546 269 velociter
1561 227 1729 284 scribentis
1751 226 1906 265 calamum
1921 225 1967 279 ef-

1168 289 1240 343 fice.
1301 290 1546 344 Experrec'tus
1559 286 1720 331 deinde,
1744 288 1838 325 cum
1864 286 1967 323 exci-

1178 349 1256 387 iam
1274 345 1441 386 antehac
1453 359 1613 385 manum
1631 359 1678 384 ex
1698 347 1850 398 integro
1862 341 1967 382 sana·

1179 419 1261 445 tam
1285 403 1520 459 conspiceret
1540 432 1552 449 ‚
1585 401 1715 458 reffiue
1769 400 1819 441 ad
1845 399 1967 456 ipsum

1180 466 1398 518 Principem
1423 461 1537 517 paulo
1552 459 1796 518 postdelata,
1825 461 1866 498 in
1897 457 1966 497 du-

1179 521 1287 561 bium
1298 533 1497 561 vocaretur
1511 548 1523 566 ,
1555 524 1707 572 Joanne
1723 532 1818 558 mox
1839 530 1967 557 accer-

1178 580 1269 626 lito,
1295 578 1527 633 dexteraque
1548 577 1713 634 inspesta
1733 606 1743 623 ‚
1782 589 1878 616 mox
1903 589 1965 614 ru-

1173 638 1271 679 -bens
1284 636 1459 678 elucebat
1469 636 1592 682 linea,
1622 635 1850 677 veriffimam
1868 634 1964 687 ejus-

1172 697 1265 737 dem
1272 696 1505 737 excisionem
1521 694 1570 735 ad
1589 693 1746 735 oculum
1756 706 1968 734 common-

1172 755 1305 795 stram,
1371 752 1452 794 Hic
1477 752 1657 793 Barbarus
1686 753 1790 792 suum
1812 765 1961 807 cogno-

1161 812 1270 854 scere
1289 827 1460 852 errorem
1476 838 1488 855 ‚
1513 815 1657 867 precari
1677 813 1854 854 veniam,
1885 812 1959 865 pri-

1171 869 1366 926 stinosc'lue
1406 873 1550 922 Joanni
1587 869 1757 909 honores
1790 867 1927 908 offerre
1947 896 1959 913 ,

1171 945 1268 985 quos
1293 943 1425 970 tamen
1449 928 1513 968 ille
1538 927 1734 968 humiliter
1764 926 1959 969 recusans,

1169 987 1300 1045 petita,
1320 1003 1365 1028 ac
1374 987 1533 1028 tandem
1545 986 1643 1043 aegre
1655 984 1816 1026 obtenta
1830 983 1960 1024 dimis-

1168 1047 1296 1093 fione,
1326 1045 1605 1102 Jerololymam
1633 1047 1742 1101 petijt
1760 1073 1771 1090 ,
1806 1057 1850 1083 ac
1866 1045 1958 1083 Mo-

1170 1105 1358 1147 nasticum
1388 1108 1421 1146 S.
1445 1103 1565 1145 nostri
1580 1104 1777 1144 Benedifti
1808 1101 1959 1142 institu-

1167 1178 1252 1206 tum
1278 1162 1497 1220 suscipiens,
1528 1162 1700 1219 plurimis
1731 1159 1884 1207 adhuc,
1917 1165 1960 1202 &

1166 1225 1340 1281 egregijs,
1363 1226 1403 1262 in
1423 1221 1687 1263 defensionem
1698 1222 1957 1275 Deiparae,ac

1167 1281 1378 1339 specialiter
1399 1280 1556 1322 illibatae
1576 1279 1747 1334 ejusdem
1772 1280 1957 1333 Concep-

1160 1345 1277 1382 tionis
1292 1367 1304 1385 ,
1348 1340 1460 1381 editis
1485 1341 1662 1395 Scriptis,
1689 1336 1908 1377 fimetiffimte
1933 1335 1956 1376 ὲ

1157 1404 1254 1442 vivis
1298 1398 1461 1440 exceffit.
1529 1401 1586 1438 Ita
1607 1401 1749 1446 Joannes
1771 1394 1956 1435 Patiurch.

1158 1459 1292 1514 Jerofhl.
1310 1468 1348 1502 Φ·
1361 1457 1548 1511 martyrol.

1338 1535 1378 1599 §.
1401 1545 1446 1598 5.
1483 1530 1757 1606 Symbolum.

1247 1625 1447 1685 Delpara
1480 1620 1656 1684 absqu
1689 1617 1863 1670 VMbra

1440 1694 1666 1755 peCCatI.

302 2819 346 2847 ac
359 2805 466 2861 quod
481 2804 530 2845 ad
542 2802 792 2860 pugnandum
803 2817 874 2858 pro
894 2801 1019 2857 ipsius,
1051 2807 1090 2843 ὃς
1143 2814 1145 2816 -
1190 2817 1200 2820 c
1219 2811 1223 2813 a
1297 2806 1301 2809 r

299 2864 384 2919 Filij
399 2864 550 2905 honore
562 2864 717 2902 inermis
728 2862 805 2914 jam
819 2858 908 2900 esset
919 2889 929 2905 ,
960 2857 1092 2899 multis

301 2937 390 2963 cum
404 2922 610 2976 lachrymis
622 2922 881 2973 conqueritur.
921 2919 969 2957 Et
979 2922 1089 2958 ecce!

293 2984 381 3037 pias
406 2983 504 3020 inter
532 2977 704 3033 querelas
732 2976 882 3033 placide
903 2975 1091 3016 indormi-

292 3039 416 3084 icens,
430 3037 727 3094 pulcherrimam
737 3038 812 3076 Dei
816 3040 980 3091 parentis
991 3035 1006 3073 Ι
1010 3049 1090 3073 ma-

302 3101 433 3154 ginem
472 3097 549 3149 ejus
584 3094 654 3134 sese
689 3094 810 3135 oculis
839 3093 1091 3147 obijcientem

298 3153 504 3211 conspicit,
533 3151 906 3209 fibic'luedicentem:
944 3151 1088 3203 Eccefit-
1136 3157 1296 3193 lotam..
1329 3165 1412 3184 ιιι.

1142 2953 1240 2990 Aspice
1254 2951 1395 2980 stellatum
1412 2949 1550 2980 neam-no
1565 2946 1700 2986 tempore'
1714 2946 1847 2978 Coelum!

1183 2993 1291 3022 Omnia
1305 2990 1467 3023 clarescunt,
1482 2991 1589 3020 Umbra
1598 2990 1642 3019 vel
1653 2989 1709 3027 ipsa
1719 2987 1808 3028 fugit.

1142 3036 1293 3064 Nosturno
1307 3034 1408 3071 pariter
1423 3031 1587 3070 Conceptus
1605 3039 1733 3069 tempore
1748 3031 1839 3069 Virgo

1183 3076 1268 3105 Clam
1282 3082 1397 3102 manet:
1417 3073 1532 3101 Sceleris
1545 3084 1603 3101 non
1614 3072 1698 3101 haba
1708 3071 1810 3099 umbra
1823 3071 1928 3099 locum.

1222 3119 1281 3144 Non
1291 3115 1360 3154 sunt
1376 3113 1486 3144 tenebra
1502 3132 1510 3144 ³
1530 3113 1564 3149 ό·
1583 3123 1634 3143 non
1645 3110 1680 3147 est
1697 3109 1794 3141 umbra
1815 3113 1926 3140 Mortis.

1802 3196 1902 3243 §.a

1975 1618 2108 1689 264.
