2164 3413
755 89 1074 173 Conceptus
1154 92 1411 156 LXXlV.
1738 106 1829 172 ‘253'

48 183 152 225 3³1²·ss
172 199 196 218 v·
221 189 332 244 Vapor
347 188 387 242 est
400 187 481 227 enim
508 189 665 228 Virtutis
686 189 805 234 DEI,
838 197 1019 231 &emana-
1067 187 1133 228 fibi
1156 204 1379 246 proponant
1401 192 1563 248 Speculum
1586 193 1753 250 Virginale
1772 224 1782 240 ‚
1814 195 1862 236 ab

51 235 185 265 ²⁵‘&’‘⁶‘
220 246 263 285 tio
279 245 420 302 quaedam
440 247 479 301 ψ
499 248 657 286 claritatis
696 248 914 303 omnipotentis
928 249 1026 286 DEI
1067 246 1178 287 omni
1203 252 1319 290 etiam
1336 249 1515 306 originali
1539 252 1690 292 macula
1722 254 1861 309 puriffi-

211 303 336 358 sincera
355 320 363 342 :
393 304 506 346 &idea
523 305 600 344 nihil
610 306 808 361 inquinatum
824 306 857 344 in
876 318 944 344 eam
966 306 1016 344 in-
1067 320 1175 346 mum
1191 336 1201 353 ‚
1232 306 1254 347 ὲ
1266 307 1378 348 nobis
1404 310 1586 350 hactenus
1612 314 1652 349 in
1673 306 1718 351 M
1731 326 1793 352 AR
1808 327 1820 350 1
1833 327 1860 352 A

221 363 346 407 currit,
385 361 502 403 candor
523 363 562 415 est
589 365 673 402 enim
700 364 776 402 lucis
795 378 935 406 meritae,
976 371 1015 406 τῇ·
1064 364 1283 407 exhibitum
1304 395 1316 412 ,
1347 367 1380 405 in
1398 366 1485 422 quai,
1517 367 1610 408 teste
1636 372 1668 409 S.
1692 369 1858 410 Ambro-

212 419 372 476 speculum
380 419 450 474 fine
463 420 606 465 maculci,
640 423 739 460 DEI
752 422 942 475 majestatis,
975 429 1013 463 (9‘
1063 421 1115 462 fio
1127 451 1138 468 ‚
1160 424 1260 464 velut
1277 425 1310 463 in
1317 424 1463 481 speculo,
1488 427 1622 481 refulget
1633 426 1751 482 species
1770 429 1858 479 casti-

221 480 324 534 imago
337 477 486 517 bonitatis
497 478 590 518 illius.
622 478 739 519 Plane
752 479 889 520 tersum
900 478 1012 525 adeo,
1063 481 1166 524 tatis,
1197 490 1235 524 ά·
1255 483 1368 537 forma
1395 483 1552 529 uirtutis,
1583 483 1717 524 frustra
1751 490 1856 526 enim

52 943 144 973 Tine.
153 953 178 980 3·

52 995 78 1015 v·
86 993 116 1026 4.

0 2162 2 2211 1
55 2175 145 2207 ῑιοᾶ.

55 2226 80 2246 c·
89 2224 135 2256 38.
146 2228 173 2250 v.
183 2224 210 2252 8.

220 549 333 590 atque
343 537 534 577 mundum
546 536 601 577 est
611 537 857 594 hocspeculum
876 567 887 583 ,
915 551 957 577 ut
972 540 1012 577 in

219 592 392 634 interiori
403 595 480 649 ejus
501 599 640 639 animae
656 596 852 652 puriffimae
874 595 1009 640 fundo,

218 651 415 692 clariffime
442 653 550 710 ipfius
564 653 815 695 Sacrofimelae
842 656 1012 694 Trinita-

219 713 267 751 tis
296 714 448 767 imago,
479 726 665 767 tanquam
710 716 752 752 in
791 710 1014 753 lucidiffima

221 768 400 825 crystallo
414 798 424 815 ,
464 770 648 812 reluceret
673 800 684 817 ,
722 770 813 811 licet
851 770 1012 810 infirmis

222 827 431 868 hominum
442 828 562 870 oculis
574 844 655 870 non
668 843 873 885 appareret.
934 831 995 884 Ap
1004 851 1013 858 ·

225 889 348 942 paruit
363 900 492 928 autem
513 890 555 927 in
569 888 647 928 hoc
666 886 844 944 virginali
864 886 1015 943 speculo

226 946 428 1001 Benignitiu,
462 954 499 988 (ψ
511 947 710 985 Humanitas
729 946 910 986 Salvatoris
924 945 1015 1000 nestri

224 1004 337 1046 DEI,
369 1008 433 1058 qui
460 1003 620 1059 posthac
638 1007 680 1044 in
700 1007 805 1044 terris
817 1003 912 1045 visus
932 1003 986 1044 est
1003 1032 1014 1049 ‚

225 1067 266 1103 &
305 1076 394 1102 cum
435 1061 658 1102 hominibus
679 1061 919 1103 conversatus
948 1060 1013 1102 est.

225 1122 400 1160 Tantum
413 1123 525 1176 igitur
540 1123 581 1160 in
597 1123 744 1161 MAR1A
773 1119 850 1161 sola
872 1135 1015 1177 praeva,

226 1177 296 1219 luit
313 1181 494 1219 meritum
513 1179 810 1235 Redemptionis
824 1207 834 1224 ,
863 1192 904 1219 ut
926 1178 1018 1219 licet

225 1239 266 1276 in
285 1236 465 1277 omnibus
496 1236 576 1291 alijs
603 1237 796 1292 reliquerit
825 1236 1020 1278 maculam

225 1294 416 1349 aliquam,
446 1295 567 1350 qualis
594 1296 648 1336 est
670 1310 872 1353 peccatum
900 1299 1016 1352 origi-

225 1353 339 1399 nale,
371 1353 420 1394 ab
451 1353 516 1394 illa
545 1353 621 1395 sola
641 1384 653 1401 ,
683 1369 871 1409 tanquam
892 1353 1017 1410 speculo

224 1411 572 1454 immaculatiffimo
602 1443 613 1460 ,
662 1428 824 1454 omnem
864 1428 1017 1453 naevum

224 1470 347 1526 culpa:
363 1470 500 1526 praevie
510 1470 701 1513 sustulerit.
762 1475 916 1515 Vitrum
933 1474 1017 1526 qui-

223 1529 317 1569 dem
338 1544 418 1570 erat
434 1532 580 1570 Minui
598 1560 607 1576 ,
639 1530 855 1571 finaturam
877 1529 1019 1586 spectas

227 1602 266 1627 re
297 1587 480 1633 velimus,
511 1589 616 1643 quod
642 1587 717 1628 labi
747 1614 758 1631 ‚
788 1587 1018 1645 frangique,

225 1659 291 1686 aut
302 1646 434 1687 laltem
444 1647 628 1687 maculari
644 1661 813 1703 poterat.-
849 1660 888 1687 at
900 1646 924 1686 fi
935 1661 1020 1703 gra-

224 1707 343 1750 tiam,
374 1704 452 1745 hoc
485 1705 538 1746 est
562 1732 574 1749 ‚
613 1706 858 1748 candorem,
891 1704 1018 1762 fulgo-

225 1762 385 1817 remque
406 1763 650 1805 attendamus
662 1793 672 1810 ,
717 1778 833 1818 quem
852 1778 933 1804 non
951 1763 1018 1804 fibi

225 1819 288 1861 sed
324 1822 389 1861 suo
420 1821 586 1863 debebat
610 1821 745 1864 artifici
762 1845 773 1867 ‚—
803 1825 914 1862 omni
939 1835 1020 1863 erat

225 1893 387 1936 peccato
398 1878 572 1936 superior.
659 1882 799 1934 Neque
824 1880 889 1920 hic
909 1880 1019 1921 silen-

225 1943 283 1979 tio
325 1940 633 1995 praetereundum
652 1968 662 1984 ,
703 1937 809 1993 quod
835 1942 954 1980 Sacris
978 1943 1019 1979 in

225 2001 375 2053 paginis
395 1996 572 2043 refertur,
603 1996 727 2037 fecisse
741 1997 929 2053 Moysen,
960 2000 1019 2038 in-

226 2069 285 2095 ter
302 2055 376 2095 alia
398 2055 556 2111 Templi
577 2069 829 2102 ornamenta,
857 2071 904 2096 ex
926 2057 1020 2097 DEI

229 2113 408 2155 instinftu
430 2143 442 2161 ,
470 2113 619 2155 labrum
643 2129 797 2154 aeneum
813 2143 824 2160 ,
852 2113 890 2153 de
905 2118 1019 2171 Specu-

230 2172 271 2211 lis
290 2172 455 2212 mulierum
474 2202 485 2219 ,
516 2190 581 2230 quae
604 2172 803 2212 excubabant
823 2174 857 2212 in
872 2174 941 2228 (fiio
964 2187 1018 2213 ta-

230 2231 402 2271 bernaculi.
435 2246 505 2287 pro
533 2246 611 2285 quo
631 2231 874 2277 notandum,
911 2231 1019 2286 quod

229 2289 435 2331 Cornelius
462 2288 483 2329 a
497 2290 643 2346 Lapide
667 2316 678 2332 ,
710 2291 744 2329 in
766 2290 847 2330 hunc
867 2290 921 2329 loc.
944 2293 1023 2330 exi-

230 2348 384 2389 stimat:
416 2347 520 2388 fuiffe
542 2351 726 2388 nimirum
745 2348 847 2389 hanc
858 2348 1022 2404 fingula-

231 2422 313 2447 rem
334 2409 554 2448 Sanctarum
576 2405 673 2447 olim
688 2406 892 2447 mulierum
905 2408 1024 2449 devo-

229 2468 400 2511 tionem,
432 2479 473 2506 ut
495 2467 575 2505 DE
594 2467 634 2506 O
665 2464 700 2505 se
723 2467 873 2520 penitus
894 2465 1022 2506 conse-

229 2538 409 2570 craturae,
444 2522 592 2580 specula
611 2553 621 2569 ,
652 2529 1026 2565 &ornamentamu-

233 2582 368 2622 liebria
405 2612 416 2629 ,
447 2597 532 2638 quae
551 2581 621 2622 luae
649 2584 749 2638 prius
770 2584 930 2623 vanitati
959 2582 1025 2622 de-

230 2639 451 2688 servierant,
478 2639 555 2681 una
577 2640 723 2686 secum,
751 2643 889 2696 pariter
906 2642 1023 2682 DEO

230 2698 518 2746 consecrarent,
551 2699 660 2740 nullo
682 2699 863 2754 deinceps
883 2698 1023 2754 speculi

230 2756 443 2798 ministerio
473 2758 711 2814 indigentes,
752 2770 906 2813 utpote,
938 2772 1023 2812 quae

229 2830 314 2855 non
332 2829 529 2857 externam
541 2815 703 2873 amplius
714 2815 825 2856 faciei
840 2842 852 2859 2
882 2814 944 2855 sed
962 2819 1022 2857 in—

230 2888 383 2914 ternam
408 2877 560 2916 tantum
596 2877 736 2916 animae
768 2873 1020 2931 pulchritudi-

230 2947 325 2972 nem
337 2947 463 2973 curare
477 2931 677 2974 studerent.
739 2937 1018 2978 Veruntamen,

233 3006 358 3045 neque
398 2989 490 3030 tales
516 2990 665 3032 devotae
689 2994 828 3032 anima:
863 2991 1017 3046 (fiquae,

232 3063 275 3090 nt
288 3047 410 3088 nullus
423 3047 558 3089 dubito
570 3077 579 3093 ‚
608 3053 648 3090 in
661 3066 766 3092 novo
778 3053 894 3091 etiam
909 3050 1018 3091 testa-

231 3121 391 3152 mento,
422 3110 520 3147 inter
552 3107 726 3148 mulieres
751 3111 982 3164 reperiantur
1005 3114 1015 3159 )

232 3165 423 3222 speculum
471 3165 669 3207 recusent!
710 3166 886 3221 quinimo
923 3166 1016 3208 illud

584 3304 599 3317 s

1065 537 1160 584 illae,
1191 539 1442 597 adspeculum
1461 542 1583 587 aliud,
1616 542 1855 599 facieidepo-

1066 611 1165 637 nunt
1186 613 1336 639 naevos:
1370 614 1492 640 unum
1505 600 1549 640 fit
1571 601 1652 656 ipfis
1681 602 1758 642 hoc
1776 602 1856 657 ipe-

1065 654 1196 695 culum
1212 656 1371 702 tersum,
1403 671 1445 697 ut
1464 658 1536 699 stet
1558 658 1627 699 flos
1650 659 1856 701 incolumis

1066 711 1257 760 castitatis,
1271 730 1337 770 per
1353 718 1509 756 MARiAE
1520 720 1596 758 Dei
1602 733 1698 773 parae
1718 747 1727 764 ,
1733 719 1854 774 speculi

1053 768 1122 825 fine
1142 771 1212 810 labe
1229 798 1240 815 >
1281 773 1534 815 devotionem
1564 775 1854 817 conservandus.

1064 827 1284 871 Efficiamur
1311 836 1426 871 etiam
1449 834 1603 886 juvenes
1620 863 1629 879 ‚
1665 842 1704 877 ἃ*
1727 839 1854 892 Virgi-

1065 901 1131 926 nes
1148 917 1157 933 ‚
1194 887 1317 933 senes,
1351 905 1440 930 cum
1462 891 1671 942 junioribus
1690 923 1699 937 ,
1727 893 1854 949 specula

1064 959 1131 1000 per
1168 949 1351 987 MARIAM
1380 947 1482 988 clara
1501 978 1510 993 ,
1553 955 1590 990 δε
1621 950 1747 990 lucida
1773 982 1782 997 ‚
1813 956 1854 992 in

1064 1003 1200 1057 quibus
1215 1004 1362 1061 semper
1383 1006 1619 1062 resplendeat
1649 1010 1856 1063 pulcherri-

1064 1077 1129 1102 ma
1151 1066 1284 1120 imago
1300 1067 1493 1105 Creatoris
1523 1066 1649 1106 nostri.
1711 1068 1854 1114 Verbo,

1065 1124 1227 1177 accipiat
1259 1122 1421 1177 quilibet
1459 1124 1632 1165 nostrum
1662 1123 1854 1180 speculum

1066 1179 1329 1236 quodcunque
1351 1211 1363 1227 ‚
1394 1188 1435 1224 δε.
1454 1181 1553 1223 bene
1575 1185 1772 1229 attendat,
1803 1188 1854 1225 ita

1067 1241 1174 1279 enim
1201 1241 1570 1295 propriamrvidebit
1608 1245 1819 1298 imaginem
1843 1271 1855 1286 2

1067 1297 1243 1351 utiquod
1263 1297 1316 1338 est
1338 1297 1360 1338 a
1387 1299 1549 1341 dextris,
1579 1298 1599 1338 a
1625 1301 1773 1342 finisti-is
1791 1317 1856 1358 ap-

1067 1369 1196 1410 pareat
1223 1381 1235 1399 ,
1279 1362 1320 1398 &
1361 1357 1517 1398 viciffim
1540 1375 1547 1397 τ
1586 1359 1717 1399 oculus
1765 1376 1795 1400 e.
1820 1375 1855 1417 g.

1067 1413 1201 1454 dexter
1221 1413 1244 1454 a
1261 1414 1410 1455 finistris
1427 1445 1437 1461 ‚
1470 1422 1509 1458 &
1548 1420 1642 1457 auris
1676 1418 1816 1459 finistra
1833 1419 1856 1460 ὲ

1067 1471 1208 1513 dexrris
1233 1472 1496 1529 conspiciatur.
1557 1478 1659 1515 Sciat
1679 1491 1807 1517 autem
1843 1500 1853 1524 ,

1068 1530 1144 1571 tale
1164 1535 1281 1572 etiam
1297 1531 1459 1588 speculum
1480 1531 1551 1573 effe
1575 1536 1777 1581 Mirum,
1816 1542 1857 1578 δε

1068 1590 1229 1643 quidem
1256 1590 1333 1631 fine
1363 1590 1471 1637 labe,
1511 1605 1576 1632 aut
1613 1593 1786 1640 macula,
1817 1598 1858 1635 in

1069 1649 1175 1702 quod
1199 1653 1420 1704 quicunque
1443 1679 1453 1695 ,
1486 1665 1553 1706 per
1577 1649 1710 1692 leriam
1739 1652 1857 1695 devo-

1068 1709 1221 1749 tionem
1256 1730 1267 1753 ,
1303 1708 1597 1765 introspexerint
1622 1736 1634 1752 ‚
1684 1711 1859 1765 quamvis

1069 1764 1170 1806 haedi
1194 1766 1359 1807 antehac
1378 1768 1518 1807 fuerint
1536 1793 1547 1810 2
1580 1782 1712 1809 tamen
1734 1770 1858 1810 medi-

1069 1838 1160 1864 ante
1193 1823 1416 1866 lucidiflima
1440 1825 1512 1866 hac
1540 1826 1731 1881 Crystallo
1763 1857 1772 1874 ‚
1808 1828 1859 1869 ad

1068 1882 1212 1981 {udicis
1242 1884 1443 1938 quondam
1461 1884 1658 1927 dexteram
1690 1886 1861 1929 colloca-‘2

1097 1955 1222 1983 untur.

1233 2051 1282 2103 5.
1302 2056 1353 2097 2.
1386 2035 1685 2095 Autboritas.

1069 2159 1330 2207 NICoLaVs
1353 2154 1583 2205 CVstmVs
1594 2184 1608 2209 ,-
1631 2154 1863 2220 VIrgInIs,

1072 2227 1252 2292 absqu
1290 2231 1511 2289 peCCato
1547 2231 1812 2289 ConCeptae
1848 2232 1985 2293 3513.

1183 2303 1253 2345 eX
1285 2297 1522 2345 oMnIsz
1548 2295 1753 2345 VlrEsz

1311 2373 1651 2432 propVgnator.

1076 2467 1106 2506 1',
1140 2461 1246 2517 Virgo
1259 2463 1394 2520 glorioſse
1415 2494 1426 2510 ‚
1455 2464 1523 2504 cum
1549 2462 1618 2519 effi’t
1644 2463 1866 2518 prietlestinata'

1131 2521 1330 2575 antesaecula
1344 2552 1354 2568 ,
1386 2538 1421 2562 uc
1435 2540 1475 2562 ex
1498 2515 1564 2578 ipsci
1585 2523 1731 2576 reciperet
1757 2525 1837 2560 DE
1849 2525 1875 2560 I

1123 2575 1216 2629 filius
1235 2594 1384 2620 naturam
1394 2582 1566 2621 humanam
1582 2607 1592 2623 ,
1622 2593 1657 2618 uc
1684 2581 1865 2635 DElfilius

1118 2633 1214 2688 fieret
1231 2638 1323 2692 filius
1359 2640 1521 2694 hominis,
1547 2640 1594 2678 ita
1627 2651 1769 2694 conceptu
1793 2639 1832 2691 est
1854 2669 1863 2684 ‚

1130 2708 1167 2733 ut
1195 2694 1324 2751 dignum
1354 2698 1470 2738 adhoc
1507 2697 1723 2737 habitaculum
1771 2698 1866 2751 fieret

1130 2776 1146 2782 ·
1204 2781 1219 2786 -
1279 2783 1295 2787 —
1354 2782 1369 2789 -
1418 2756 1465 2812 fic
1496 2758 1593 2795 etiam
1625 2785 1635 2802 ‚
1664 2754 1749 2811 quiid
1781 2755 1868 2794 nulle?

1126 2808 1291 2852 duratione
1307 2814 1380 2868 filit
1402 2828 1517 2855 ‘rerum
1539 2813 1659 2859 dicere,
1692 2814 1864 2868 Virginem

1117 2868 1282 2927 fmffifi‘b
1296 2883 1438 2927 peccato.
1471 2871 1553 2914 Lib.
1571 2887 1597 2923 5.
1613 2874 1734 2911 Excit.
1754 2871 1862 2928 luper

1126 2926 1255 2969 illud:
1287 2931 1417 2976 Coelum,
1455 2938 1493 2975 (φ
1532 2932 1634 2969 Ήγνιι
1671 2929 1859 2984 transibunt,

1125 2991 1199 3027 &c.

1067 3067 1097 3090 2,
1128 3045 1201 3101 Ipsa
1221 3044 1282 3100 fi‘b
1322 3047 1507 3102 principatu
1551 3045 1700 3084 Aue'ioris
1745 3046 1856 3084 mortis

1129 3103 1211 3142 nullo
1252 3119 1393 3159 unquam
1432 3115 1567 3159 tempore
1609 3104 1703 3157 ficit,
1746 3105 1779 3142 in
1793 3103 1856 3159 qua⁰

1117 3162 1192 3205 vita
1218 3160 1327 3202 debuit
1362 3162 1531 3203 incarnari.
1559 3177 1621 3202 non
1650 3161 1786 3216 indiguit
1812 3161 1851 3199 li-

1149 3220 1190 3259 Ii
1218 3235 1235 3271 3
1734 3219 1823 3257 bera-
