2164 3413
371 118 480 167 206

337 203 455 256 quam
487 198 633 240 securus
661 197 826 239 subsistat
858 197 920 237 ille
950 225 961 242 ,
1000 196 1129 235 media

340 256 514 314 quamvis
531 261 631 297 inter
646 255 810 313 pericula
826 282 836 299 ‚
867 258 930 310 qui
958 253 1129 294 validiffi-

342 321 414 358 mis
442 318 597 357 Divinae
622 317 871 372 protectionis
907 312 973 353 alis
993 313 1130 368 jugiter

343 373 603 417 obumbratur.

429 432 504 474 Sed
515 428 648 471 nonne
670 428 830 485 idipsum
854 441 1030 483 experta,
1061 442 1128 483 pu-

343 490 479 530 riffima
517 503 670 543 quoque
706 489 888 528 Numinis
948 487 1128 526 Genitrix

343 550 390 589 M
404 563 430 588 A
447 562 473 588 R
487 563 500 587 1
516 559 567 587 A?
597 560 680 600 quae
697 549 736 585 in
759 543 836 601 ipso
856 542 1027 584 mortalis
1041 547 1126 584 vitae

343 609 534 662 principio
546 633 556 650 ‚
588 604 635 645 ad
651 603 797 644 bellum
819 601 1021 642 confestim
1038 616 1125 643 evo-

342 677 445 709 cata,
477 661 680 720 gloriosam
708 660 836 702 retulit
860 660 908 700 de
933 659 1042 700 hoste
1075 662 1129 701 vi-

344 724 523 768 storiam,
544 718 823 761 omnibuslicet
833 717 998 772 reliquis,
1030 718 1128 757 fimi-

344 778 372 820 li
383 779 565 820 conflictu
578 777 708 818 misere
724 776 933 821 debellatis.
979 780 1127 818 Verun-

345 851 476 878 tamen
495 866 505 884 ,
533 836 644 892 quale
680 832 791 877 fuerit
829 834 974 875 bellum
992 833 1085 874 illud
1115 862 1126 879 ‚

343 895 493 951 qualive
505 893 748 935 commissum
768 907 955 949 tempore,
980 895 1131 948 perqui-

342 958 421 995 ritis
445 967 456 994 .³
486 953 646 994 Audite!
678 951 851 991 Diembelli
876 949 978 990 fuiffe
1005 950 1129 990 existi-

343 1027 438 1055 mo,
468 1018 509 1053 &
529 1014 742 1052 etiamnum
766 1008 858 1055 effe,
890 1008 983 1048 illud
1008 1010 1128 1061 cujus·

343 1068 437 1111 libet
452 1071 720 1124 conceptionis
738 1068 854 1121 instans
866 1095 876 1111 ‚
907 1069 945 1105 in
959 1080 1036 1119 quo
1052 1066 1128 1106 dae-

343 1142 461 1174 mon,
491 1126 613 1167 inusta
637 1123 817 1181 originali
841 1123 992 1164 macula
1013 1152 1024 1169 ,
1056 1123 1128 1163 do-

342 1187 481 1226 minari
491 1184 584 1224 solet
596 1184 643 1224 de
654 1181 1127 1237 aiiimfi.quemadmodum

341 1246 448 1283 enim
475 1246 514 1282 in
553 1241 658 1282 bello
677 1271 688 1288 ‚
726 1255 803 1281 una
848 1240 1127 1281 decertantium

341 1315 449 1357 pars,
476 1298 552 1355 qua
568 1299 690 1356 potest
720 1325 732 1342 ‚
763 1298 922 1339 alteram
956 1298 1124 1345 invadit,

341 1357 620 1415 posleffionibus
633 1361 774 1414 privat,
806 1356 948 1399 Urbes,
979 1373 1021 1397 ac
1036 1371 1125 1397 mae-

340 1432 405 1458 nia
426 1416 636 1457 demolitur
655 1445 664 1462 ‚
698 1415 802 1456 bona
824 1416 975 1471 diripit,
1004 1430 1048 1455 ac
1069 1418 1124 1471 ip-

340 1475 418 1515 sam
436 1478 556 1515 etiam
580 1478 699 1515 vitam
736 1474 968 1528 quandoque
1002 1477 1125 1513 extin-

341 1536 443 1589 guit,
469 1532 610 1573 multos
622 1531 801 1588 praeterea
816 1536 856 1571 in
882 1531 1002 1571 diram
1016 1531 1124 1573 servi-

341 1604 463 1631 tutem
485 1590 661 1635 abducit,
692 1589 808 1645 indque
837 1589 1022 1630 iummam
1057 1604 1122 1629 eos

340 1649 509 1689 detrudit
524 1648 782 1689 calamitatem
802 1666 813 1695 ς
843 1647 891 1687 fic
904 1662 969 1702 per
990 1662 1122 1703 pecca-

342 1720 426 1747 tum
464 1709 642 1762 originis,
671 1707 795 1747 homo
833 1705 1061 1746 nobilissime
1101 1706 1123 1746 a

340 1767 457 1806 DEO
468 1778 612 1805 creatus
622 1793 634 1810 ,
654 1770 694 1806 &
706 1767 746 1804 in
757 1763 901 1804 summa
911 1763 1098 1820 dignitate
1110 1793 1120 1810 ‚

338 1822 670 1879 pulcherrimaqiie
708 1822 856 1876 justitiae
903 1821 1123 1877 poffeffione

337 1881 566 1927 collocatus,
596 1880 640 1921 ea
657 1880 851 1935 deijcirur,
883 1882 1025 1921 Divina
1040 1896 1122 1936 gra-

338 1939 389 1979 tia
400 1939 579 1995 spoliatur
589 1968 600 1985 ‚
630 1954 674 1979 ac
692 1942 730 1978 in
743 1953 829 1979 eam
843 1938 1053 1979 detruditur
1062 1954 1124 1980 ca-

337 1996 573 2043 lamitatem,
603 2010 643 2036 ut
657 1996 784 2037 statim
804 1996 852 2037 ab
864 1995 941 2052 ipso
957 2012 1125 2054 concep-

340 2069 380 2096 tu
401 2055 467 2095 fiat
478 2054 710 2100 immundus,
731 2062 770 2097 &
792 2054 924 2095 natura
940 2055 982 2096 fit
1000 2058 1061 2095 irae
1081 2056 1124 2097 fi-

338 2112 428 2159 lius,
460 2115 605 2168 peccati
640 2111 759 2153 servus
778 2141 787 2157 ‚
819 2116 935 2153 morti
956 2112 1121 2154 obnoxi-

338 2187 378 2212 us
388 2201 398 2217 ‚
431 2170 493 2210 sed
503 2177 542 2212 &
555 2171 662 2224 hujus
676 2170 810 2210 mundi
826 2174 1000 2226 principi,
1016 2175 1119 2213 Sata-

336 2244 397 2269 nae
422 2227 584 2270 subditus
597 2257 607 2273 ‚
625 2243 668 2268 ac
685 2228 862 2273 demum,
892 2228 964 2268 sive
983 2244 1119 2285 corpus

338 2289 433 2341 ejus,
462 2287 534 2328 five
562 2289 732 2327 animam
752 2285 977 2342 speOtemus‚
1008 2286 1118 2343 {ipri-

336 2360 461 2386 maevo
478 2345 546 2386 illo
563 2345 679 2389 statu,
711 2347 775 2398 qui
794 2344 886 2384 Adae
906 2344 1029 2384 adhuc
1059 2349 1117 2386 in-

335 2407 493 2443 nocenti
516 2405 699 2458 contigit,
730 2406 770 2441 in
791 2402 907 2443 alium
925 2402 1040 2459 longe
1052 2405 1117 2445 de-

335 2468 516 2502 teriorem
547 2474 813 2502 commutatus.
875 2461 946 2501 Sed
980 2462 1072 2514 quid
1103 2475 1115 2503 .>

334 2518 615 2574 Triumphabat
624 2517 715 2573 ergo
725 2547 736 2564 ,
767 2532 831 2558 aut
845 2518 1116 2560 dominabatur

334 2576 526 2617 infernalis
546 2580 720 2617 inimicus
743 2576 789 2615 de
804 2575 881 2631 ipsa
897 2580 1011 2616 etiam
1024 2580 1114 2619 ΜΑ-

333 2649 412 2676 MAE
422 2637 589 2690 Virginis
605 2634 789 2690 puriffima
807 2634 935 2674 anima
951 2647 961 2674 ὲ
994 2640 1114 2690 priva-

332 2691 449 2734 batne
470 2691 577 2732 illam
592 2707 745 2747 quoque
754 2691 1009 2754 pretiosiffima
1033 2709 1114 2749 gra-

327 2755 410 2797 tiae,
440 2765 484 2791 ac
506 2750 654 2804 justitiae
675 2749 911 2806 possesfione?
942 2751 1111 2792 minime.

327 2809 422 2850 sedit
431 2808 514 2849 haec
525 2812 649 2864 potius
670 2809 704 2847 in
722 2807 772 2847 die
782 2807 870 2854 belli,
903 2807 961 2848 seu
987 2814 1112 2864 primo

327 2866 396 2907 illo
406 2866 561 2907 instanti
575 2865 795 2906 securissima
808 2895 816 2910 ,
848 2865 911 2906 sub
922 2867 1025 2906 umbi
1035 2885 1054 2907 a
1066 2868 1110 2907 il—

330 2925 417 2969 lius,
448 2939 564 2979 quem
587 2924 875 2970 desideraverat,
922 2925 1026 2978 fiiij,
1062 2942 1109 2967 ex

328 2983 516 3037 puriffimo
526 2982 726 3037 quondam
746 2996 853 3023 utero
871 2981 933 3023 suo
948 3009 959 3026 ‚
990 2986 1029 3022 in
1056 2983 1108 3024 sa-

328 3039 655 3086 lutemomnium‚
686 3040 933 3097 progreffiiri,
964 3042 1107 3081 acinfi-

325 3101 411 3137 nitis
427 3097 597 3152 passionis
609 3097 677 3139 suae
686 3102 830 3138 meritis
847 3098 1034 3139 mundum
1049 3115 1104 3140 re-

323 3154 522 3211 dempturi.
554 3155 602 3196 fic
623 3160 755 3202 enim,
788 3160 908 3198 Sacris
939 3160 977 3197 in
1011 3173 1101 3198 can·

746 107 837 165 De
858 101 1146 182 concepta
1171 105 1320 163 Sacra
1341 105 1592 182 Deiparzi.

1179 201 1262 237 ticis
1292 197 1367 252 ipsa
1388 196 1578 250 loquitur:
1611 195 1675 235 sub
1695 195 1807 234 umbre}
1832 195 1914 234 illim
1953 221 1962 238 ‚
1991 179 2112 254 5³5⁴*

1180 271 1270 311 quem
1290 254 1559 302 desideraveram,
1580 253 1663 309 fidi.
1693 254 1798 307 quod
1830 254 1962 293 clarius

1181 313 1363 353 inlinuare
1378 313 1524 353 videtur
1535 342 1546 358 ,
1568 327 1656 352 curn
1667 312 1819 352 Davide
1831 311 1961 351 dicen-

1179 372 1250 411 do:
1285 370 1478 425 obumbrasti
1488 370 1584 427 fhper
1598 382 1690 427 caput
1704 385 1825 415 meum,
1858 371 1891 408 in
1914 368 1963 407 die

1178 428 1255 469 beili.
1287 427 1618 482 quemadmodum
1649 431 1755 468 enim
1784 427 1848 468 dies
1869 426 1959 470 belli,

1179 486 1335 542 utsupra
1357 486 1541 532 diximus,
1575 485 1716 526 instans
1729 485 1783 526 est
1794 500 1960 540 concep-

1179 548 1312 590 tionis,
1342 544 1389 584 fic
1406 556 1500 600 caput
1512 543 1565 584 est
1581 547 1665 585 vitae
1688 547 1918 600 principium
1950 571 1959 587 .

1179 602 1199 642 a
1223 605 1480 658 conceptione
1496 601 1744 657 desumptum.
1777 601 1882 655 quod
1906 605 1961 640 in-

1179 676 1292 700 nuere
1304 660 1451 701 videtur
1462 659 1639 715 praeclara
1655 660 1851 700 doc‘liffimi
1861 659 1963 699 Abu-

1179 718 1290 758 lensis
1304 722 1343 758 in
1356 719 1460 758 hunc
1473 717 1603 758 locum
1615 719 1800 774 expolitio
1809 748 1818 764 ‚
1848 718 1896 757 fic
1906 718 1928 757 d
1939 733 1958 756 e

1177 776 1383 816 feliciffima
1393 779 1560 832 Virginis
1571 776 1866 817 obumbratione
1878 806 1886 820 ‚
1920 792 1961 815 ac

1177 834 1518 891 fingularivistoria
1548 834 1802 874 discurrentis:
1835 835 1962 873 Princi-

1877 902 1886 914 A

1172 895 1261 949 pium
1274 895 1350 932 “aitte
1367 896 1473 931 Z'easae
1488 897 1515 931 b
1524 894 1632 948 irgina
1645 893 1935 946 obumbracumzsm
1949 922 1958 937 ,

1175 951 1215 990 ab
1243 951 1371 1005 instanti
1393 951 1614 1007 conceptioni&
1645 967 1687 989 ex
1710 952 1749 990 ‘ri
1766 951 1959 1007 pr;e*iitsionz'5

1176 1010 1358 1048 meritorum
1384 1010 1661 1063 CHRISTI,
1693 1016 1728 1050 (9¹
1752 1009 1869 1048 nullam
1890 1025 1961 1047 con-

1176 1068 1280 1106 traxit
1302 1067 1460 1106 maculam
1495 1068 1696 1122 originalem:
1729 1066 1809 1105 unde
1838 1069 1959 1123 gratias

1174 1142 1271 1181 agens
1293 1126 1376 1164 DE
1386 1130 1434 1171 0,
1456 1136 1516 1181 pro
1542 1140 1630 1164 tanto
1653 1125 1795 1179 beneficio
1811 1154 1820 1169 ,
1853 1125 1958 1165 dixit.-

1176 1183 1361 1238 obumbrassi
1382 1182 1479 1240 stiper
1507 1196 1600 1240 caput
1632 1199 1733 1223 meum
1752 1186 1783 1223 in
1809 1183 1859 1223 die
1879 1184 1957 1224 belli.

1176 1241 1258 1282 haec
1288 1241 1351 1281 ille
1372 1258 1380 1281 :
1410 1240 1709 1283 Ofeliciffimarn
1733 1241 1823 1298 ergo
1848 1244 1959 1284 Divi-

1175 1303 1216 1340 ni
1236 1299 1411 1354 adjutorij
1434 1303 1589 1340 MAiuAE
1612 1300 1770 1356 impensi
1788 1300 1958 1341 umbram!

1176 1361 1216 1399 O
1235 1357 1419 1414 singulare
1434 1357 1454 1398 ὲ
1472 1359 1628 1414 praevisis
1640 1358 1780 1399 Christi
1801 1363 1957 1406 meritis,

1174 1420 1455 1472 protectionem
1467 1446 1478 1463 ‚
1509 1416 1636 1457 omnis
1654 1420 1798 1472 prorsus
1813 1422 1958 1472 pcccati

1174 1473 1256 1515 irno
1298 1478 1446 1531 peccati
1463 1474 1577 1514 umbrae
1598 1504 1607 1520 ,
1638 1477 1770 1529 jamin
1791 1479 1867 1531 ipio
1880 1476 1958 1516 bel-

1175 1531 1222 1578 li,
1259 1531 1317 1573 seu
1334 1536 1599 1588 conceptionis
1621 1537 1809 1589 principio
1832 1535 1960 1574 exclu-

1173 1591 1308 1631 fivam!
1333 1590 1418 1631 vere
1435 1593 1588 1632 MARIAE
1601 1605 1679 1631 tam
1692 1595 1852 1646 gratiose
1864 1609 1957 1632 coii-

1172 1663 1292 1705 ceptae
1308 1652 1486 1705 congruit
1507 1648 1600 1688 illud
1618 1650 1748 1702 Ovidij
1766 1666 1776 1689 .-

1982 1719 2012 1746 1..
2024 1729 2067 1748 12.

1981 1760 2102 1789 Metam.

1268 1734 1366 1787 Caput
1387 1727 1589 1786 infiaperabile
1612 1729 1642 1768 lu
1650 1729 1697 1769 llo.

1171 1803 1231 1840 cui
1244 1802 1464 1859 Seraphicus
1476 1804 1591 1842 etiam
1601 1804 1867 1842 Bonaventura
1874 1814 1937 1840 me
1950 1826 1955 1832 ·

1172 1858 1246 1899 rito
1274 1860 1570 1917 gratulabundus
1601 1863 1763 1906 accinit,
1798 1859 1855 1899 his
1874 1874 1954 1899 ver-

1174 1916 1230 1958 bis
1253 1935 1260 1957 :
1294 1923 1320 1958 O
1339 1921 1518 1974 QQ'ARI
1520 1921 1561 1957 A
1567 1920 1579 1958 Ι
1595 1919 1753 1957 Dominus
1770 1931 1870 1956 tecum
1873 1918 1953 1971 ficit,
1978 1918 2090 1962 Inspec,

1173 1989 1272 2016 tecum
1281 1977 1342 2031 ψ,
1372 1993 1473 2016 tecum
1485 1977 1551 2016 erit.
1611 1977 1729 2016 Tecum
1740 1976 1809 2030 fuit
1830 1977 1861 2014 in
1883 1992 1954 2014 con-
1978 1961 2125 1999 V¹rg'‘'”

1174 2035 1309 2091 ceptione
1319 2062 1329 2077 ,
1342 2038 1389 2074 Tb
1400 2035 1587 2074 obumbrans
1598 2034 1752 2074 adversas
1765 2035 1867 2072 omnia
1880 2047 1954 2089 pcc-

1169 2093 1234 2131 cati
1242 2094 1404 2149 originalis
1416 2095 1507 2148 ignea
1521 2093 1595 2132 tela.
1657 2094 1741 2132 Nos
1762 2092 1868 2137 vero,
1887 2108 1952 2145 qui

1169 2150 1291 2190 inhac
1306 2150 1354 2189 die
1374 2151 1468 2195 belli,
1499 2149 1701 2190 confestim
1732 2150 1861 2190 misere
1887 2151 1951 2190 de-

1167 2211 1276 2254 vicffii,
1307 2208 1492 2264 originale
1535 2209 1671 2249 vulnus
1708 2211 1947 2264 accepimus,

1167 2265 1411 2322 ejusdemtfiue
1423 2271 1641 2307 cicatricem
1653 2269 1866 2308 etiamnum
1877 2271 1947 2306 cir-

1166 2324 1431 2369 cumferimus,
1448 2325 1666 2367 obumbrari
1682 2324 1812 2366 saltem
1823 2332 1947 2381 impo-

1166 2382 1307 2423 sterum
1351 2383 1593 2425 studeamus:
1623 2391 1663 2426 &
1697 2383 1948 2438 quemadmo-

1167 2440 1261 2481 dum
1281 2448 1290 2492 (
1307 2441 1567 2483 attestantibus
1576 2442 1847 2498 Apostolorum
1859 2444 1947 2482 acti-

1165 2498 1256 2549 bus)
1290 2503 1329 2539 in
1360 2499 1502 2556 plateas
1534 2502 1641 2555 ejecti
1674 2499 1756 2540 lunt
1781 2499 1945 2544 infirmi,

1166 2563 1206 2599 &.
1222 2558 1327 2613 positi
1347 2559 1378 2597 in
1393 2558 1534 2604 leffulvi,
1565 2575 1602 2598 ac
1626 2557 1794 2614 grabatis,
1825 2572 1860 2596 ut
1887 2572 1945 2598 ‘ve-

1163 2616 1266 2655 niente
1278 2619 1393 2662 Petro,
1413 2615 1531 2670 saltem
1549 2615 1662 2656 umbra
1683 2615 1767 2655 illim
1779 2615 1945 2656 obumbra-

1163 2688 1211 2713 ret
1244 2689 1430 2730 quemquam
1464 2674 1586 2713 illorum
1609 2699 1621 2716 >
1657 2681 1695 2715 &¹
1734 2673 1945 2715 liberarentur

1164 2747 1267 2770 omnes
1283 2732 1325 2771 ab
1345 2731 1583 2786 infirmitatibus
1593 2731 1683 2786 fitis,
1714 2731 1763 2771 fic
1786 2733 1942 2787 provol-

1161 2804 1294 2830 vamur
1305 2796 1344 2832 ὃς
1357 2804 1426 2829 nos
1437 2817 1448 2834 ,
1459 2792 1500 2828 in
1511 2789 1639 2829 anima
1660 2805 1726 2845 per
1741 2804 1943 2846 peccatum

1159 2846 1329 2893 sauciati,
1369 2847 1416 2887 ad
1440 2861 1591 2902 portam
1624 2850 1779 2889 Divinae
1804 2847 1943 2889 miseri-

1158 2905 1320 2950 cordiae,
1352 2920 1393 2945 ut
1411 2934 1422 2951 ,
1458 2909 1735 2947 interveniente
1764 2909 1909 2947 MARiA
1926 2938 1938 2955 ,

1157 2963 1233 3003 fine
1244 2962 1328 3003 labe
1350 2963 1562 3019 concepta,
1592 2963 1723 3005 saltem
1742 2964 1876 3006 umbra
1894 2965 1938 3006 il-

1155 3020 1224 3061 lius
1240 3035 1311 3061 nos
1322 3020 1546 3065 obumbret,
1576 3025 1761 3077 quatenus
1786 3022 1832 3063 ab
1849 3038 1933 3064 om-

1156 3079 1264 3118 nibus
1286 3082 1425 3120 animat
1448 3079 1584 3120 nostrae
1597 3080 1876 3120 infirmitatibus
1889 3081 1932 3120 li—

1155 3136 1294 3181 berati,
1323 3138 1369 3176 ad
1400 3137 1580 3178 vilionem
1613 3137 1829 3179 beatificam
1865 3140 1931 3178 ad-

1969 2553 1992 2574 c.
2003 2555 2030 2581 5.
2038 2556 2064 2576 v.
2074 2555 2115 2587 ¹⁴·

1969 2591 1995 2617 8(
2011 2586 2067 2628 seq.
2158 2589 2160 2593 “

1813 3217 1899 3254 mit-
