2164 3413
93 1379 119 1400 V.
135 1378 176 1396 27.-

51 2016 117 2046 I'sal.
131 2023 175 2052 36.

56 2070 136 2095 νας.

57 2399 179 2428 Οταωίε

0 2458 1 2462 =
58 2442 208 2482 ZonaVirg

771 86 1094 167 Conceptus
1171 87 1368 159 LVIII.

1712 104 1802 162 195

206 186 688 248 Aspv's‚&Bafiliftus,quibus
705 185 891 243 originale
908 200 997 248 pec·
1047 186 1159 238 nale)
1192 187 1291 229 nihil
1307 200 1439 229 tamen
1465 184 1740 244 proficiebant,
1774 198 1849 227 nec

207 264 338 289 catum
360 247 607 288 adumbratur
630 264 639 292 3
671 251 760 301 quia
788 246 879 285 ficut
908 247 999 298 Bafi-
1048 246 1126 288 ulla
1153 253 1188 287 ei
1218 251 1369 288 rati0ne
1400 259 1683 286 nocumentum
1708 244 1849 285 inferre

211 308 302 362 lzstm
318 306 533 363 serpentum
545 307 630 345 Rex
644 333 654 349 ‚
685 312 725 346 ὃς
737 318 851 360 caput
862 302 915 343 est
931 307 942 352 (
956 315 997 342 ut

210 365 357 406 indicat
393 363 514 420 ipsum
539 364 701 403 Nomen
733 377 923 418 graecum,
954 374 1001 400 ex

1050 319 1240 362 pocerant.
1282 304 1418 348 Verbo
1439 320 1447 342 :
1479 303 1680 360 Cupreisus
1702 307 1851 344 Marma

1051 360 1141 409 fuit3
1177 364 1271 404 sicut
1294 365 1422 408 enim,
1454 363 1546 403 teste
1576 366 1611 404 S.
1624 361 1850 407 Ambrosio,

211 438 291 478 quo
312 423 475 464 latinum
499 420 707 461 deductum
719 421 798 471 est)
833 423 899 475 qui
921 418 1002 459 solo
1045 422 1150 477 solam
1162 421 1243 461 hanc
1253 421 1414 462 Arborem
1433 434 1553 462 'ventus
1568 422 1731 476 {tunquam
1747 420 1852 475 despo-

212 481 415 522 oculorum
427 479 574 536 aspectu
586 482 702 520 etiam
722 495 769 520 ex
780 477 935 520 distanti
947 476 1004 517 lo-

214 555 264 581 co
283 540 462 581 homines
488 538 654 583 occidit,
686 541 738 579 ita
762 540 908 594 peccati
931 539 1006 576 ori-

214 598 351 656 ginalis
364 600 578 638 teterrimus
589 596 774 637 Basiliscus
784 626 795 642 ,
807 611 854 637 ex
867 594 1008 635 dIstan-

216 660 244 697 ti
257 656 325 697 Illo
337 655 497 697 Paradisi
522 654 612 695 loco
630 684 639 700 ,
672 670 738 711 per
758 655 897 696 Adami
919 668 1011 693 ocu-

218 715 275 756 los
289 745 299 761 ‚
329 714 434 756 velut
452 730 520 770 per
537 713 752 759 cancellos,
785 716 825 752 in
838 727 908 752 nos
926 725 1012 767 pro-

217 772 376 830 spiciens
393 803 403 819 ,
436 771 609 829 pestifera
625 771 872 812 fascinatione
889 770 1011 811 letha-

217 831 304 872 liter
326 847 396 872 nos
421 847 559 871 omnes
592 830 747 871 infecit!
781 828 859 870 sola
881 842 1013 869 tamen

217 893 367 933 MAMA
392 889 552 946 excepta
569 918 578 934 ‚
621 892 661 929 in
679 888 752 944 qua
778 888 858 929 nihil
879 887 1014 944 profecit

219 951 374 990 inimicus.
437 950 524 989 Nec
547 947 645 988 adeo
666 951 830 993 mitum,
862 959 1015 986 tantum

220 1006 324 1048 fuisse
340 1010 491 1063 Virgini
520 1006 658 1051 robur,
691 1006 739 1046 ad
768 1003 1015 1046 resistendum

221 1066 276 1106 illi
292 1096 303 1112 ‚
336 1069 395 1107 cui
407 1080 510 1106 totus
521 1064 681 1105 refistere
695 1064 796 1106 orbis
816 1078 899 1104 non
914 1060 1016 1103 vale-

221 1125 289 1166 bat
304 1144 313 1168 ς
346 1124 542 1165 sciendum
557 1126 665 1163 enim
681 1153 691 1169 ‚
723 1123 771 1163 ab
785 1123 926 1163 eodem
938 1120 1015 1177 spe-

1055 480 1118 520 liat
1132 508 1142 524 ‚
1164 479 1237 535 sola
1261 496 1424 536 nunquam
1445 480 1550 520 veteri
1569 480 1700 518 exuitur
1714 479 1854 523 amic'lu3

1056 538 1104 578 fic
1120 541 1243 594 Virgo
1269 538 1481 578 Beatissima
1500 552 1700 591 nunquam
1726 539 1858 593 gratiae

1058 596 1208 636 honore
1222 595 1432 652 despoliata
1446 626 1457 642 ‚
1483 595 1543 637 vel
1557 599 1685 652 primo
1694 596 1860 636 charita-

1059 657 1106 695 tis
1128 657 1269 694 amiclu
1290 669 1404 696 exuta
1439 654 1520 695 fuit.
1579 657 1640 695 Sic
1671 657 1859 694 nimirum

1063 715 1193 752 omnis
1215 711 1413 753 infernalis
1453 715 1603 753 inimici
1623 726 1783 753 conatus
1820 715 1862 752 in

1063 773 1211 811 Minui
1231 784 1312 811 erat
1332 774 1454 812 irritus
1471 800 1481 817 ,
1511 786 1585 811 nec
1615 771 1800 827 proficere
1824 771 1864 810 in

1064 829 1137 870 hac
1157 828 1235 870 sola
1259 827 1472 883 quidquam
1505 843 1658 884 poterat
1679 829 1742 870 ille
1756 855 1766 872 ‚
1799 832 1864 883 qui

1065 901 1216 929 tantam
1225 886 1436 941 aliquando
1449 887 1611 943 stragem
1630 894 1705 928 toti
1717 886 1866 941 reliquo

1065 946 1242 987 humano
1254 949 1386 1002 generi
1411 944 1561 986 intulit:
1597 945 1794 1002 congruebat
1809 948 1866 985 ni-

1065 1007 1208 1045 mirum
1235 1004 1553 1061 (utheraphicus
1578 1007 1632 1045 ait
1662 1008 1866 1045 Bonaven-

1067 1069 1173 1114 tura)
1198 1078 1232 1103 ut
1243 1064 1351 1120 Virgo
1372 1063 1420 1102 ita
1447 1064 1589 1103 vinceret
1605 1062 1766 1102 diabolum
1778 1061 1800 1105 ,Δ
1830 1075 1868 1101 ut

1067 1139 1164 1180 neque
1185 1123 1212 1163 ei
1217 1121 1432 1177 ficccumberec
1452 1121 1497 1160 ad
1506 1120 1669 1160 modicum.
1731 1122 1806 1160 Nec
1807 1119 1866 1175 fic-

1877 408 1963 436 Serm-
1980 416 2009 443 4.

1879 450 1909 475 in
1920 448 1961 478 Ps.
1974 452 2027 476 118.

1886 937 2022 971 In3.Sent

1885 978 1936 1005 dist
1958 985 2039 1014 3.p1.

1886 1029 1911 1048 a.
1923 1028 1946 1049 1.
1959 1030 1983 1058 q·
1998 1027 2018 1047 1.

222 1183 414 1223 cialiffim'e
426 1180 530 1222 fuiffe
546 1182 716 1234 adjutam
729 1211 738 1227 ‚
775 1184 840 1235 qui
854 1179 1010 1225 Davidi,
1057 1180 1200 1236 stinebat
1210 1181 1349 1235 justitia,
1380 1182 1484 1234 juxta
1495 1183 1526 1220 S.
1546 1182 1786 1235 Cyprianum
1799 1209 1808 1224 ‚
1831 1194 1867 1218 ut
1888 1191 1952 1220 [Λα
1964 1189 2038 1219 md.

224 1258 273 1282 ne
293 1242 457 1298 proficeret
474 1243 506 1279 in
528 1257 560 1279 eo
582 1242 727 1279 inimicm
742 1269 751 1285 ‚
784 1239 1017 1292 adjutorium

223 1301 394 1356 praestitit
406 1329 414 1345 ‚
447 1298 605 1358 quando
618 1302 801 1338 nimirum
814 1303 854 1337 in
875 1297 1019 1337 eodem

224 1359 373 1399 Psalmo
396 1361 447 1398 ait
465 1374 472 1397 :
504 1360 635 1397 *Blanm
654 1358 735 1396 enim
756 1373 826 1396 mea
841 1355 1019 1395 auxiliabi-

224 1433 277 1456 tm·
297 1420 343 1462 Fi,
376 1416 586 1459 &bl'dslyilinl
607 1432 709 1454 metim
731 1415 918 1469 COHbetdhst
938 1430 1017 1452 eum.

226 1476 289 1517 ubi
318 1475 563 1531 potentiflimi
593 1474 698 1527 liujus
729 1474 905 1527 adjutorij
929 1471 1013 1512 effi:-

227 1533 533 1588 clumevestigio
555 1532 780 1588 subjungens
802 1561 812 1577 ‚
844 1535 915 1571 ait:
943 1533 1020 1570 ‘Ni-

227 1594 272 1632 hil
281 1593 580 1649 pirjicistimnzicm
605 1592 637 1629 in
649 1607 680 1629 eo
697 1620 707 1635 ‚
738 1597 776 1632 ὠ·
790 1590 883 1644 filim
905 1590 1019 1646 iniqui-

226 1666 304 1690 tatis
325 1663 647 1707 nonapponctnoccre
668 1650 704 1688 ei.
738 1649 785 1688 fic
814 1648 1014 1689 enimvero

227 1710 364 1750 eadem
390 1724 544 1763 quoque
585 1723 719 1748 manus
766 1706 1018 1748 auxiliabatur

228 1771 275 1809 M
291 1784 315 1808 A
328 1782 352 1807 R
367 1783 378 1806 1
391 1781 447 1814 Aa„
480 1766 625 1807 Divina
643 1766 818 1807 bonitate
847 1766 1018 1820 ejusdem

227 1829 495 1882 Conceptioni
526 1824 816 1880 auspicatiffimae
858 1840 1020 1865 manum

227 1884 519 1926 misericorditer
548 1883 783 1940 supponente
801 1913 810 1929 ‚
843 1898 884 1924 ut
899 1883 1021 1924 verifi-

227 1959 359 1985 catum
388 1942 499 1983 fuerit
516 1941 635 1988 illud,
675 1942 781 1996 quod
801 1942 906 1982 idem
930 1945 1021 1982 Pro-

230 2005 345 2059 pheta
358 2004 499 2058 Regius
522 2000 612 2041 alibi
628 2001 802 2057 praedixit
820 2018 827 2040 :
860 2000 928 2039 ciem
943 2002 1019 2040 ceci-

227 2062 329 2104 derit,
360 2077 421 2100 non
441 2059 624 2105 collidetur,
654 2060 729 2116 quia
741 2059 1021 2116 Dominmficppo-

227 2122 275 2160 nit
293 2135 421 2159 manum
424 2119 526 2174 suam.
554 2118 621 2163 fic,
651 2121 837 2172 inquam,
868 2117 1021 2158 brachi-

228 2194 295 2220 um
312 2193 430 2232 quoq3
443 2180 633 2218 Divinum
651 2175 897 2217 confortabat
911 2191 1018 2216 eam:

229 2239 318 2277 Fecit
337 2240 443 2277 enim
458 2236 634 2293 potentiam
644 2235 677 2274 in
687 2234 812 2274 brachio
813 2234 872 2290 fico
884 2234 1020 2275 Altiffi-

231 2311 315 2337 mus
326 2326 336 2341 ,
367 2298 536 2335 Matrem
552 2293 574 2334 a
586 2293 667 2333 dira
682 2292 875 2334 infernalis
892 2296 1020 2333 inimi-

232 2358 266 2395 ci
280 2353 455 2411 potentia
472 2355 621 2408 penitus
638 2352 847 2392 eximendo
874 2369 882 2390 ι
913 2353 1020 2405 utju-

233 2413 415 2454 remetito
443 2415 474 2453 S.
493 2414 710 2452 Germanus
729 2409 909 2466 scriptum
935 2410 1017 2450 reli-

233 2475 358 2526 querit
387 2487 394 2508 :
429 2472 543 2509 Omnia
556 2471 587 2507 in
612 2467 828 2524 Virgineflmt
843 2468 1019 2508 admirabi-

232 2532 279 2571 lia
295 2560 304 2575 ‚
336 2537 374 2572 ὠ·
401 2530 491 2569 vires
510 2543 631 2567 nature
662 2526 844 2566 excedentia
859 2556 869 2572 ,
907 2528 938 2565 in
960 2527 1025 2583 qud*

234 2592 366 2629 DELIS
374 2587 468 2642 fitam
501 2587 641 2625 exercui:
669 2586 854 2642 potentiam.
914 2587 1024 2625 Hinc

234 2662 319 2687 non
341 2645 534 2685 immerito
544 2643 728 2700 Cupresso
749 2641 936 2683 assimilari
958 2659 1027 2699 po-

236 2708 324 2746 terit
351 2708 472 2760 Virgo
503 2703 739 2747 Beatiflima3
773 2702 1027 2756 quemadmo-

236 2764 330 2803 dum
343 2766 448 2802 enim
461 2761 572 2802 arbor
584 2761 649 2801 ista
661 2761 759 2801 ridet
771 2774 906 2801 ventos
917 2789 927 2806 ‚
944 2761 1028 2801 nul-

236 2820 369 2876 lusque
382 2823 416 2860 ei
428 2821 568 2874 Aquilo
590 2835 732 2860 nocere
746 2817 870 2875 potest
882 2848 892 2863 ,
924 2818 971 2858 fic
984 2819 1028 2859 li-

236 2879 299 2921 cet
318 2882 444 2935 primo
466 2877 533 2918 illo
549 2881 831 2933 Conceptionis
846 2891 1027 2918 momen-

237 2952 302 2985 to,
335 2941 376 2977 in
386 2939 542 2978 MAmAE
577 2940 737 2977 exitium
767 2938 902 2980 Eurus,
941 2937 1026 2977 No-

237 2995 372 3052 tusque
394 2998 538 3035 ruerint
554 3023 564 3039 ‚
596 3001 635 3036 ἃ
659 2994 910 3050 conspirarint
927 2995 1028 3040 (dia-

237 3054 373 3098 bolum
394 3053 589 3109 intelligo,
621 3060 659 3095 &
681 3068 882 3107 peccatum
896 3055 1025 3110 Origi-

1068 1252 1131 1280 ’νας
1152 1238 1231 1278 illud
1263 1239 1419 1278 eleffioni's
1445 1238 1658 1277 communibus
1672 1236 1865 1294 laceffi’retur

1068 1299 1196 1353 injurijs
1215 1326 1226 1343 ,
1257 1298 1407 1354 quoniam
1421 1297 1596 1353 plurimicm
1613 1298 1761 1335 dcaetero'x
1771 1295 1862 1352 diffi’-
1881 1317 1951 1346 Nat.

1299 1355 1311 1368 Λ

1068 1373 1161 1399 rens,
1192 1370 1309 1395 natura
1341 1355 1591 1394 communicabat
1614 1384 1624 1401 ‚
1666 1370 1728 1394 non
1757 1355 1859 1411 culpa*-

1069 1413 1217 1457 Ceffate
1236 1429 1329 1470 ergo
1345 1443 1355 1459 ‚
1388 1416 1572 1454 Mariana:
1595 1416 1831 1454 innocentia:
1847 1442 1858 1459 ‚

1070 1474 1170 1528 fiqui
1186 1471 1397 1529 superestis,
1428 1475 1599 1512 inimici!
1631 1471 1787 1517 collate,
1819 1478 1860 1514 &

1069 1531 1294 1577 erubescite,
1326 1544 1520 1586 quotquot
1532 1532 1754 1573 MARIAM
1771 1545 1860 1586 pec·

1071 1594 1252 1631 catricem
1265 1589 1423 1630 statuitis
1435 1618 1445 1635 ,
1478 1592 1543 1643 qui
1560 1603 1641 1629 tam
1651 1588 1793 1629 sinistre
1810 1588 1859 1628 de

1064 1652 1141 1704 ejus
1157 1652 1301 1690 meritis
1313 1648 1518 1703 loquimini
1530 1677 1540 1693 ‚
1571 1648 1767 1688 honorem
1782 1649 1861 1700 ejus

1065 1708 1164 1750 adeo
1192 1711 1351 1764 turpiter
1371 1707 1602 1763 denigratis,
1633 1706 1681 1746 de
1711 1705 1862 1762 privile·-

1067 1770 1136 1824 gijs
1154 1767 1252 1807 illius
1272 1765 1569 1807 controverliam
1584 1766 1732 1820 prorsus
1745 1767 1863 1804 inuti-

1070 1827 1148 1867 lem
1160 1829 1324 1866 movetis
1336 1854 1346 1870 ‚
1378 1828 1441 1878 qui
1454 1826 1771 1879 Conceptionem
1782 1824 1860 1876 ejus

1071 1884 1347 1926 Sanchssimam
1385 1896 1464 1923 tam
1491 1881 1603 1922 foedis
1645 1884 1860 1938 originariae

1070 1943 1165 1984 labis
1186 1941 1343 1983 maculis
1364 1940 1611 1997 conspurcare
1634 1940 1832 1980 intenditis
1847 1969 1859 1986 ,

1069 2002 1235 2056 denique
1268 2003 1502 2041 innocentiae
1528 2000 1696 2053 ejusjura
1715 2001 1863 2038 tamin-

1069 2060 1209 2117 digne,
1239 2057 1541 2115 blasphemeque
1555 2058 1862 2100 calumniamini,

1068 2128 1208 2160 iterum
1220 2119 1330 2164 dico,
1362 2115 1496 2157 cellate
1519 2121 1526 2155 i
1560 2116 1638 2155 nihil
1657 2119 1764 2156 enim
1785 2127 1865 2172 pro-

1061 2178 1179 2234 ficiem
1194 2180 1227 2217 in
1250 2177 1307 2223 ed,
1339 2179 1428 2216 cum
1443 2173 1568 2230 &ipse
1589 2188 1770 2215 tartareus
1789 2177 1864 2214 ini-

1070 2239 1223 2292 quitatis
1236 2235 1332 2276 filius
1348 2264 1358 2279 ,
1383 2235 1430 2274 nil
1449 2236 1481 2274 in
1494 2233 1742 2290 illci'prcficiens,
1778 2246 1862 2273 non

1069 2295 1244 2355 appofiaeerit
1272 2310 1378 2333 nocere
1406 2294 1447 2338 ei,
1508 2294 1571 2333 Tu
1599 2290 1691 2333 vero
1726 2291 1862 2331 mulie-

1072 2370 1157 2394 rum
1187 2352 1431 2397 validiffima‚
1464 2354 1546 2392 orci
1577 2353 1717 2391 terror!
1747 2365 1819 2390 nos
1848 2374 1861 2393 2

1070 2427 1143 2453 tuae
1153 2411 1394 2453 Sancliffimae
1406 2440 1415 2456 ,
1445 2425 1488 2450 ac
1504 2409 1551 2450 ab
1565 2407 1676 2450 omni
1695 2407 1780 2449 labe
1793 2407 1863 2448 ali-

1071 2471 1250 2511 em'ffirnae
1281 2471 1562 2525 Conceptionis
1602 2469 1743 2521 juratos
1776 2481 1864 2523 pro-

1073 2544 1330 2586 pugnatores,
1363 2527 1520 2569 viciffim
1548 2526 1697 2567 fortiter
1732 2525 1866 2566 defen-

1077 2588 1144 2628 de!
1177 2587 1301 2633 effice‚
1334 2601 1375 2627 ut
1399 2585 1509 2627 nullo
1529 2598 1734 2626 momento
1749 2584 1866 2641 profi-

1078 2650 1153 2687 ciat
1181 2645 1434 2702 imposterum
1459 2648 1637 2684 inimicus
1660 2647 1700 2684 in
1731 2642 1868 2689 nobiS,

1077 2720 1142 2746 aut
1158 2705 1271 2746 Filius
1296 2706 1505 2759 iniquitatis
1531 2715 1704 2759 apponat
1729 2716 1872 2742 nocere

1078 2764 1208 2805 nobis!
1239 2762 1383 2804 verbo:
1415 2760 1547 2802 fideles
1577 2775 1662 2801 tuos
1681 2789 1692 2806 ,
1723 2758 1873 2815 tuaec'lue

1076 2838 1153 2881 prae
1168 2821 1349 2863 omnibus
1359 2820 1511 2875 reliquis
1523 2849 1533 2865 ‚
1559 2821 1794 2859 innocentiae
1807 2818 1876 2862 de.

1134 2895 1268 2923 votos,
1299 2878 1474 2920 materna
1497 2880 1657 2934 pietate,
1689 2875 1819 2933 abhoste

1248 2950 1380 2996 protege
1394 2967 1405 2984 ‚
1426 2944 1465 2980 ώ-
1485 2934 1564 2975 hort?
1586 2935 1699 2977 mortis

1404 2994 1536 3052 fissipe-

1430 3066 1451 3087 .
1492 3064 1511 3086 .

1110 3198 1206 3262 Bb
1238 3217 1266 3259 2
1726 3204 1832 3257 §.2.

1885 1232 1989 1261 Christi

1884 1283 1994 1312 openc.
2003 1273 2038 1303 de

1892 2866 2023 2899 Ecdeflass
