2164 3413
90 299 176 353 66.

736 114 1058 198 Conceptus
1140 118 1210 182 X.

457 231 496 297 §.
518 236 558 299 3.
591 231 772 293 Ratio.

217 327 488 374 MIraCVLa
505 342 604 374 non
627 332 872 389 patrantVr
886 359 900 380 ,
923 342 1006 388 pro

372 392 609 444 afferenDa
634 397 864 445 faLsItate.

240 486 241 489 ’
343 485 483 527 Iracula
495 499 641 527 tantam
659 487 805 528 habent
828 487 1014 528 connexi-

364 559 495 590 onem,
521 560 612 585 cum
625 550 780 586 veritate
797 545 847 585 sui
862 544 1012 598 objecti,

220 605 262 641 in
273 602 646 656 cujustestimonium
662 604 779 650 fiunt,
811 618 852 644 ut
877 604 923 643 de
946 617 1015 658 po-

222 660 342 700 tentia
354 663 445 701 DEI
467 676 675 718 repugnet,
703 676 743 703 ut
759 661 854 702 illud
869 676 950 701 non
974 663 1015 699 in

222 717 256 758 se
266 718 308 759 fit
320 735 451 760 verum
461 750 470 765 ,
504 735 658 777 propter
671 720 775 776 quod
790 718 1016 760 miraculum

223 775 290 816 fit:
324 778 498 834 implicat
533 783 638 819 enim
667 794 749 835 V.g·
774 779 822 818 de
843 776 1018 835 potentia

224 836 317 875 DEI
328 836 515 883 abiolutit,
547 852 587 877 ut
603 836 667 877 illa
685 839 858 878 doctrina
882 835 1019 877 nonsit

225 909 325 939 vera,
349 910 502 951 propter
521 911 637 950 quam
655 899 791 937 DEUS
807 912 840 937 V.
854 910 890 952 g.
925 893 1019 934 resu-

227 951 334 992 scitat
355 968 563 1000 mortuum,
579 960 651 996 &c.
716 957 831 1009 Atqui
855 953 1018 1009 plurima

229 1011 411 1051 miracula
418 1011 514 1052 sachi
525 1012 609 1053 lunt
625 1018 679 1062 (ut
691 1014 731 1052 in
744 1011 898 1053 decursu
911 1014 1018 1067 Ope-

229 1072 288 1114 ris,
315 1068 377 1110 luo
393 1069 483 1110 loco
494 1070 735 1121 ostendetur)
757 1071 804 1111 ad
814 1070 1019 1111 confirma-

230 1130 380 1168 tionem
422 1128 676 1169 immaculatae
739 1131 1015 1185 conceptionis.

230 1186 330 1241 Ergo
340 1189 495 1227 Beatam
519 1190 720 1243 Virginem
739 1187 809 1228 effi:
834 1192 1019 1228 immacu-

228 1243 304 1283 late
327 1259 580 1301 conceptam,
602 1260 750 1286 tantam
778 1249 818 1286 in
849 1246 882 1285 le
905 1245 1020 1286 habet

230 1306 429 1343 veritatem
442 1333 452 1349 ,
475 1318 516 1344 ut
532 1305 578 1344 de
589 1305 761 1359 potentia
778 1306 869 1345 DEI
885 1319 1020 1360 repug-

229 1376 308 1406 net,
339 1360 487 1402 aliterie
501 1362 522 1402 a
539 1377 643 1419 parte
660 1367 711 1402 rei
724 1363 872 1403 habere.
886 1364 1021 1416 major.

228 1419 338 1475 prob.
399 1424 433 1461 Si
446 1420 628 1461 miracula
640 1437 722 1461 non
742 1421 927 1461 haberent
939 1435 1022 1461 tan-

228 1491 308 1518 tam
322 1482 610 1519 connexionem
626 1495 714 1519 cum
727 1483 895 1525 veritate,
914 1479 987 1520 five
998 1477 1024 1518 si

229 1539 272 1578 D
283 1538 312 1576 E
325 1542 361 1578 U
373 1540 395 1578 S
433 1552 501 1594 per
512 1537 739 1578 miraculum
759 1537 902 1591 aliquid
916 1536 1024 1577 testa-

231 1609 332 1636 retur
357 1595 561 1646 (miracula
588 1600 694 1637 enim
708 1626 717 1642 ,
754 1596 802 1636 eo
825 1595 932 1651 quod
955 1596 1026 1636 sitit

232 1652 339 1710 supra
350 1657 444 1695 vires
456 1669 617 1701 naturae,
650 1654 788 1695 anullo
802 1654 889 1698 alio,
922 1653 989 1694 nifi
1005 1654 1026 1694 a

233 1714 351 1754 DEO
361 1713 440 1753 fieri
452 1711 627 1769 poffunt)
651 1713 757 1768 quod
772 1717 811 1753 in
828 1712 861 1753 se
874 1728 956 1754 non
975 1711 1027 1753 es-

235 1771 306 1817 set,
345 1786 393 1811 eo
414 1770 494 1827 ipso
506 1774 642 1813 DEUS
666 1774 890 1812 mentiretur
919 1772 1023 1812 :hoc

235 1843 363 1869 autem
376 1830 423 1869 de
440 1831 554 1870 DEO
566 1830 643 1869 dici
663 1833 808 1884 nequit,
839 1832 940 1886 Ergo
950 1836 1021 1872 &e

236 1889 323 1941 maj.
337 1887 507 1928 constat:
539 1887 610 1928 sive
625 1887 749 1943 perse,
782 1888 853 1929 five
867 1903 931 1944 per
958 1888 1006 1928 ali

237 1961 315 1991 um,
339 1945 470 1986 falsum
490 1946 613 1986 testari
633 1976 642 1991 ,
674 1946 727 1986 est
744 1947 895 2002 proprie
918 1962 1027 1986 men-

238 2007 307 2044 tiri.
373 2007 542 2057 Atquiin
559 2005 649 2044 dato
670 2003 753 2044 casii
782 2007 929 2050 DEUS,
962 2020 1027 2060 per

237 2062 465 2102 miraculum
481 2092 490 2107 ,
515 2062 657 2117 aliquid
670 2062 802 2103 falsum
824 2062 1026 2103 testaretur.

238 2122 339 2177 Ergo
355 2128 428 2163 &a
442 2124 537 2160 min.
570 2135 673 2177 patet
684 2136 730 2161 ex
743 2124 876 2177 Script.
899 2121 1027 2162 Haebr.

239 2195 271 2219 c.
285 2195 316 2231 9.
331 2178 692 2236 Impoffibzleestmentiri
708 2181 872 2224 DEuM,
903 2182 1026 2219 Dein-

240 2238 289 2278 de
304 2254 350 2278 ex
364 2242 531 2278 ratione:
564 2239 700 2278 DEUS
730 2253 811 2278 non
835 2238 889 2278 est
906 2237 1027 2295 magis

240 2301 408 2353 primum
426 2295 594 2340 bonum,
637 2295 753 2350 quam
782 2299 949 2352 primum
964 2313 1028 2338 ve-

240 2371 347 2396 rum:
379 2354 439 2394 sed
462 2369 528 2409 per
542 2354 618 2393 hoc
635 2380 644 2396 ‚
675 2353 781 2408 quod
799 2354 842 2394 sit
862 2358 1028 2410 primum

240 2414 389 2454 bonum
410 2442 420 2458 ‚
461 2426 646 2468 repugnat
667 2416 701 2452 ei
722 2427 840 2452 omne
857 2412 1001 2454 malum
1018 2433 1024 2455 :

240 2474 342 2527 Ergo
355 2475 471 2512 etiam
486 2486 551 2527 per
563 2471 640 2510 hoc
654 2500 663 2515 ‚
686 2470 792 2525 quod
805 2470 847 2510 sit
860 2475 1027 2525 primum

241 2525 384 2576 verum,
397 2528 621 2586 repugnabit
629 2532 663 2569 ei
675 2544 792 2569 omne
804 2527 950 2575 falsum,

440 2625 476 2673 §.
499 2629 551 2684 4.
595 2614 825 2685 Historiam

244 2714 524 2760 DesIDerata
563 2710 827 2759 PontIfICIs
871 2710 1028 2754 aVDI-

311 2784 438 2828 entIa
450 2815 464 2838 ,
500 2789 547 2828 &
560 2784 742 2828 LItterae
753 2781 960 2842 perLatae.

367 2863 454 2905 Iffus
485 2865 506 2905 a
529 2869 688 2906 Summo
717 2864 902 2906 Pontifice
925 2866 1031 2904 Sixto

387 2925 451 2965 IV.
466 2923 514 2962 ad
526 2926 676 2979 Regem
684 2923 965 2979 Hispaniarum,
991 2924 1030 2960 in

244 2981 417 3039 gravibus
429 2982 603 3036 negotijs,
618 2981 841 3022 venerabilis
852 2996 898 3021 ex
914 2979 1031 3021 Ordi-

247 3055 297 3081 ne
309 3043 341 3081 S.
357 3037 540 3080 Francisci
555 3040 661 3079 Pater
681 3068 692 3085 ,
732 3038 1031 3084 F.Bernardinus

249 3099 297 3139 de
314 3095 651 3153 Caymisabsolutst
665 3098 741 3150 jam
754 3098 914 3138 feliciter
925 3111 1033 3135 com-

251 3156 434 3202 miffione,
475 3157 647 3198 Romam
680 3155 808 3198 multis
823 3171 911 3198 cum
934 3153 1015 3195 litte

1052 226 1117 268 ris,
1168 223 1217 263 ad
1239 216 1621 265 Pontificem‘redire
1651 224 1852 270 statuerat,

1054 284 1145 321 cum
1157 287 1266 321 ecce!
1289 285 1508 337 inopinatus
1531 282 1651 338 ipsum
1677 283 1777 324 casus
1790 298 1855 324 ve-

1057 339 1259 380 hementer
1284 339 1436 379 afflixit:
1462 340 1645 382 Habebat
1670 344 1854 382 nimiriim

1058 411 1219 443 certum,
1240 413 1286 437 ex
1296 398 1359 438 fiio
1380 398 1531 439 Ordine
1544 428 1554 444 ,
1582 402 1726 439 itineris
1735 402 1857 440 comi-

1062 469 1142 495 tem
1156 484 1165 500 ‚
1182 459 1242 495 cui
1259 460 1502 511 Superiorum
1516 456 1608 511 jussu
1624 458 1673 497 ad
1693 460 1856 498 Terram

1064 516 1242 554 §anetam
1280 514 1600 569 proficiscendum
1637 530 1719 556 erat
1743 533 1750 555 :
1792 515 1857 554 hie

1064 586 1200 612 omnes
1210 570 1350 611 litteras
1372 602 1382 618 ‚
1408 588 1499 627 quas
1524 576 1622 613 inter
1644 576 1777 631 Regiae
1789 576 1858 613 eti-

1064 645 1128 670 am
1144 630 1192 669 ad
1204 630 1435 670 Pontificem
1452 631 1750 673 numerabantur
1762 661 1772 678 ,
1793 631 1861 671 ha-

1067 690 1196 728 &tenus
1213 690 1252 726 in
1263 688 1434 728 custodia
1446 688 1640 735 habuerat,
1663 689 1737 736 sed,
1768 693 1860 730 cum

1095 762 1135 786 er
1150 745 1264 786 aliam
1280 745 1353 801 ipse
1370 749 1472 787 viam
1490 751 1557 787 iter
1570 748 1828 804 prosecuturus
1848 776 1861 793 ,

1069 821 1091 845 a
1101 803 1253 858 reliquis
1264 802 1297 844 ie
1311 803 1475 860 separare
1491 805 1647 845 deberet
1660 836 1669 851 ,
1696 805 1838 847 litteras
1851 834 1862 853 ‚

1069 878 1153 918 quae
1166 865 1340 904 Romam
1367 862 1585 904 deferendae
1604 878 1731 910 erant,
1756 864 1865 905 alteri

1067 921 1172 962 socio
1191 921 1392 978 consignat
1405 950 1414 967 ,
1447 920 1519 962 illis
1531 920 1778 963 solummodo
1800 938 1863 963 ex-

1067 983 1200 1037 ceptis,
1214 995 1298 1035 quae
1311 981 1359 1021 ad
1375 980 1608 1021 Pontificem
1631 980 1805 1034 direcOEae,
1825 987 1863 1023 &

1068 1038 1090 1080 a
1101 1038 1236 1094 quibus
1248 1052 1374 1080 totum
1386 1037 1539 1095 suscepti
1554 1041 1702 1095 negotij
1713 1039 1867 1096 pondus

1068 1097 1326 1154 dependebat,
1350 1097 1484 1153 utpote
1508 1113 1600 1153 quas
1626 1097 1693 1139 fiiis
1706 1097 1791 1139 casu
1807 1097 1868 1138 lit-

1070 1160 1158 1198 teris
1174 1156 1412 1202 immiscens,
1443 1160 1666 1213 ignoranter
1685 1155 1813 1197 secum
1829 1172 1867 1197 a«

1072 1214 1274 1272 sportabat.
1307 1217 1479 1256 Romam
1495 1218 1650 1255 interim
1669 1216 1740 1255 iter
1760 1214 1868 1256 suurn

1073 1274 1326 1315 Bernardinus
1350 1272 1605 1329 prosequitur,
1646 1272 1871 1329 cumqueeo

1072 1332 1280 1373 deveniens
1297 1332 1521 1377 adverteret,
1552 1332 1692 1373 litteras
1709 1332 1757 1372 ad
1766 1331 1870 1372 iiiam

1074 1393 1323 1432 Sanc‘titatem
1339 1390 1564 1435 destinatas,
1593 1390 1615 1431 a
1641 1390 1743 1431 iocio
1765 1389 1872 1430 fuiffe

1074 1447 1202 1489 nescio
1229 1448 1307 1503 quo
1328 1447 1492 1493 ablatas,
1513 1447 1658 1489 summa
1670 1448 1710 1488 id
1721 1448 1872 1488 tristitia

1074 1510 1200 1549 virum
1217 1506 1404 1547 afficiebat
1417 1537 1426 1552 ‚
1456 1522 1529 1546 nec
1552 1506 1718 1547 audebat
1730 1506 1871 1562 absque

1075 1568 1118 1619 ijs
1160 1581 1384 1621 comparere
1397 1594 1407 1610 ,
1439 1568 1652 1605 maximam
1691 1569 1874 1621 pertime-

1074 1623 1179 1681 scens
1214 1626 1355 1679 Vicarij
1383 1623 1525 1665 Christi
1546 1624 1871 1681 indignationem„

1076 1683 1268 1723 Profestus
1286 1682 1384 1724 forte
1401 1686 1518 1723 etiam
1545 1698 1634 1723 cum
1661 1682 1729 1723 illo
1752 1682 1873 1723 flierat

1075 1742 1329 1782 Bernardinus
1341 1740 1389 1782 de
1402 1740 1502 1781 Busti
1512 1769 1523 1787 ,
1550 1756 1620 1796 pro
1633 1741 1871 1781 confirmati·

1073 1815 1150 1840 one
1172 1800 1324 1854 Officij,
1365 1800 1413 1839 de
1426 1798 1671 1839 immaculata
1690 1801 1871 1855 Deiparae

1075 1861 1348 1914 Conceptione
1362 1887 1371 1904 ‚
1412 1857 1433 1898 a
1454 1856 1488 1898 se
1521 1857 1723 1913 compositi
1746 1861 1869 1913 impe*

1078 1917 1213 1957 tranda
1229 1933 1234 1952 τ
1268 1917 1332 1956 hic
1346 1930 1439 1956 voto
1455 1915 1487 1955 se
1503 1915 1705 1955 obstrinxit
1714 1919 1866 1973 Virgini

1077 1975 1309 2020 Beatiffimae,
1337 1973 1442 2029 quod
1454 1974 1478 2014 fi
1495 1973 1823 2014 defideratamillis
1844 1974 1867 2015 a

1078 2033 1227 2074 summo
1255 2033 1443 2073 Pontifice
1477 2032 1713 2072 audientiam
1725 2032 1798 2072 hac
1812 2037 1866 2073 vi-

1077 2107 1122 2132 ce
1148 2105 1366 2148 procuraret
1384 2121 1394 2137 ‚
1414 2089 1630 2145 litterasque
1654 2091 1869 2147 deperditas

1079 2150 1299 2195 restitueret,
1323 2164 1396 2190 tres
1410 2149 1457 2189 ad
1468 2147 1632 2205 gloriam
1644 2148 1851 2189 immacula
1862 2178 1870 2187 ,

1075 2222 1123 2248 tae
1153 2211 1434 2265 Conceptionis
1471 2211 1673 2249 Sermones
1688 2237 1698 2253 ,
1719 2207 1869 2248 summo

1078 2266 1225 2312 studio,
1242 2282 1478 2323 componere
1500 2266 1624 2307 vellet.
1688 2268 1735 2305 Et
1756 2270 1866 2306 ecce!

1079 2329 1142 2367 vix
1164 2326 1326 2379 inaudijt
1346 2324 1536 2366 Pontifex,
1557 2322 1868 2379 Religioioshos-

1080 2383 1124 2423 ct:
1136 2386 1235 2424 viros
1248 2386 1420 2425 Romam
1433 2379 1621 2423 advenisse
1634 2411 1644 2426 ,
1663 2378 1868 2422 confestim

1079 2442 1298 2488 advocatos,
1317 2440 1427 2482 hilari
1442 2440 1565 2482 vultus
1580 2440 1772 2494 majestate
1785 2470 1796 2486 ,
1827 2447 1868 2483 ὃς,

1078 2501 1244 2554 jucunda
1257 2500 1471 2541 admodum
1483 2498 1590 2545 facie,
1603 2498 1759 2555 paterne
1773 2498 1867 2540 allo-

1079 2561 1216 2613 quitur,
1230 2557 1406 2615 atque‚ne
1418 2558 1465 2598 de
1478 2558 1611 2598 amiffis
1623 2558 1754 2598 litteris
1770 2557 1870 2598 adeo

1077 2616 1343 2674 affligerentur,
1380 2615 1523 2657 blande
1537 2615 1753 2657 consolatur
1769 2646 1779 2662 ‚
1813 2616 1869 2657 di-

1077 2691 1168 2716 cens
1181 2706 1191 2723 ,
1225 2676 1257 2717 se
1271 2675 1435 2716 eandem
1446 2675 1567 2716 verbis
1580 2673 1735 2715 illorum
1750 2674 1869 2715 fidem

1082 2734 1234 2781 habere,
1261 2751 1303 2775 ac
1315 2735 1339 2774 si
1351 2733 1442 2790 ipsas
1455 2734 1571 2790 Regis
1592 2732 1731 2773 litteras
1747 2732 1868 2789 perle-

1083 2791 1198 2849 gisset.
1227 2795 1313 2834 Nec
1323 2792 1443 2833 defuit
1451 2792 1588 2832 diutius
1599 2789 1870 2848 epistola,adeo

1081 2851 1257 2892 dolenter
1266 2849 1394 2892 amissa
1409 2869 1418 2897 3
1431 2863 1656 2907 procurante
1668 2852 1773 2889 enim
1785 2849 1868 2889 abs-

1079 2924 1153 2963 que
1173 2909 1292 2951 dubio
1312 2910 1459 2950 Mam
1477 2906 1739 2953 immaculata,
1760 2908 1869 2948 Pater

1081 2966 1166 3014 ille,
1189 2972 1254 3023 qui
1276 2967 1477 3008 inscienter
1497 2963 1638 3007 litteras
1669 2963 1778 3005 hasce
1800 2965 1868 3007 suis

1080 3023 1556 3079 immiscuerat‚antequam
1564 3027 1605 3063 in
1614 3037 1726 3079 portu
1742 3027 1871 3066 Vene-

1084 3097 1126 3124 to
1153 3082 1299 3125 Navim
1326 3083 1621 3128 conscenderet,
1652 3084 1693 3121 in
1715 3078 1869 3138 longim

1083 3156 1157 3196 qua
1168 3145 1416 3199 perrefturus,
1443 3141 1574 3182 litteris
1586 3138 1669 3183 casu
1680 3138 1872 3186 revolutis,

1743 3214 1848 3255 rep&
