2164 3413
749 103 1075 188 Conceptus
1128 106 1268 170 LIX.
1671 129 1767 186 199

168 196 212 241 Id
242 200 443 244 enimvero
474 201 660 243 affirmare
703 218 787 243 non
814 201 965 243 dubitat
1013 199 1373 244 onerarem—aconem?
1384 199 1501 243 Certe
1523 206 1590 253 (ut
1602 202 1814 246 idemVin-

170 261 324 300 Doaor
346 260 572 308 mellifluus,
601 276 667 317 per
703 262 786 302 haec
813 259 928 302 verba
956 275 965 297 ε
1016 264 1162 300 centius
1178 259 1286 316 supra
1308 260 1492 301 adductus
1524 260 1658 311 refert)
1685 265 1814 317 Ange-
1853 271 1929 303 lbid.

6 324 92 352 Set-m.

7 364 156 392 LausMA-

8 408 93 435 RIAE.

10 996 139 1025 Serui-de

14 1040 116 1067 Nativ.

11 1083 89 1120 Virg-

173 318 793 376 InnumerabilemZ'eatorumspirituum
803 320 966 361 militiam,

174 374 222 415 ad
241 377 442 432 ministerium
463 392 561 417 tantae
588 379 745 435 Principis
764 377 940 434 delegatam
959 401 969 421 5

174 434 351 474 nullatenus
359 435 567 492 ambigimus,
599 439 704 493 utpote
720 462 731 480 ‚
762 437 818 494 qui
841 434 972 489 custodi-

177 506 247 532 rent
262 493 373 533 leffium
383 495 561 534 Salomonis
574 496 785 551 gratiffimum
801 523 811 540 ,
843 510 879 534 ac
891 505 970 551 pro-

176 550 324 591 widerent
338 582 349 598 ,
382 568 419 591 ne
421 564 641 609 praeparatum
654 568 767 593 aeterno
780 556 832 609 Rq
856 554 867 592 i
887 551 972 592 cubi-

177 610 282 649 culum
301 610 419 666 aliquu
456 611 546 665 histos
570 611 752 652 invaderet.
784 618 825 654 ὃς
861 608 946 651 sane
959 635 971 656 ³

179 668 272 722 quid
298 667 420 725 magis
443 674 680 711 conveniens
709 700 719 717 ‚
773 667 891 725 quam
932 682 975 709 ut

180 729 345 773 MARJA,
383 728 590 770 constituta
620 731 700 783 jam
734 726 975 785 Angelorum

179 787 331 842 Regina
351 814 362 832 ,
401 786 595 842 frequenti
634 803 727 827 mox
768 789 975 843 Spirituum

179 844 456 900 Angelicorum
470 845 643 886 custodia
655 848 890 886 muniretur?
919 845 978 885 id1

179 903 301 958 ipsum
320 902 421 944 clare
433 903 618 944 sentiente
642 908 675 946 S.
690 904 872 945 Fulberto
884 905 979 945 Car—

181 962 337 1002 notensi
349 991 359 1008 ,
393 978 436 1002 ac
478 963 524 1003 {ic
554 962 786 1003 discurrente
804 981 811 1003 :
845 966 980 1020 Qanta

174 1031 330 1076 putamus
338 1020 478 1077 provisio
490 1020 690 1078 Angelorum
703 1022 786 1060 circa
797 1036 864 1060 tam
879 1022 981 1060 DEO

176 1081 364 1134 gratiffimos
377 1082 535 1118 Parentes
544 1109 554 1125 ,
567 1079 608 1119 ab
621 1081 712 1119 initio
717 1079 783 1134 fitae
787 1080 980 1136 procreatio-

184 1139 233 1176 nor
259 1141 277 1189 (
292 1137 327 1176 id
336 1138 375 1191 cst
387 1140 437 1176 ‘M
444 1140 487 1176 A
493 1140 564 1192 R]
565 1140 613 1176 AE
625 1141 645 1189 )
668 1147 707 1180 &¹
718 1137 886 1177 excubatio
885 1137 982 1194 ficper

184 1209 254 1234 tam
266 1197 422 1252 ingentem
434 1195 574 1236 Sobolem
586 1197 610 1235 :³
642 1197 718 1236 nulli
731 1197 869 1254 profefld
889 1195 982 1235 dubi-

185 1269 239 1293 um
260 1256 299 1307 est
312 1284 320 1299 ‚
349 1253 434 1310 quod
448 1254 529 1294 circd
540 1271 610 1293 eam
625 1257 699 1308 jam
712 1270 786 1294 tunc
798 1256 898 1294 omnus
909 1252 983 1309 fre-

186 1314 316 1368 quentia
333 1313 499 1361 Coelestium
508 1314 670 1369 agminum
680 1313 898 1371 invigilabat,
930 1328 984 1353 ut-

179 1383 256 1428 pote
266 1400 277 1417 ,
307 1387 402 1428 quam
403 1371 503 1429 fhpra
502 1373 538 1427 ſse
549 1371 762 1412 exaltandam
774 1372 900 1411 minime
915 1388 986 1411 am-

187 1429 342 1485 bigebant.
362 1435 402 1471 ὃς
420 1430 555 1471 nonne
571 1430 649 1471 hoc
666 1430 884 1472 merebatur
896 1435 985 1473 Vir-

188 1502 259 1544 go,
292 1488 448 1544 Angelis
475 1489 656 1530 omnibus
676 1487 794 1547 longe
808 1489 986 1545 praestan-

189 1550 287 1587 tior?
324 1549 455 1587 Fortes
470 1546 554 1587 sunt
576 1546 716 1604 Angeli
733 1565 740 1589 ι
774 1548 984 1588 Fortiffima

187 1620 232 1645 ac
246 1606 482 1646 invictissima
495 1635 504 1652 ,
527 1606 610 1647 tota
626 1611 711 1648 vitae
726 1605 796 1647 suae
811 1606 988 1663 periodo,

188 1666 346 1704 Mirm.
408 1664 558 1705 Ardent
586 1669 627 1704 in
650 1667 732 1706 DE
745 1668 838 1707 UM
855 1678 988 1706 amore

187 1722 348 1779 Angeli:
383 1726 497 1779 ignea
508 1737 588 1763 erat
598 1723 648 1764 ad
661 1726 835 1770 DEUM‚
855 1730 895 1766 δέ
913 1724 987 1765 ho-

189 1784 313 1821 mines
326 1784 483 1822 MAR-IA.
530 1781 800 1838 Intelligentiae
813 1782 895 1823 sunt
907 1785 987 1823 An-

189 1839 266 1896 geli
288 1858 295 1880 :
330 1839 604 1895 Sapientiffima
646 1845 777 1897 Virgo.
837 1841 898 1881 Ad
929 1841 987 1882 di-

190 1897 289 1939 versa
301 1900 437 1939 Dfius
460 1901 592 1939 munia
608 1899 764 1955 Angelis
777 1901 911 1944 utitur,
929 1913 988 1940 ut-

189 1970 281 2012 pote
298 1960 338 1996 in
351 1956 602 1997 ministerium
623 1957 831 1998 hominum
849 1957 961 1998 miffis
978 1976 986 1999 :

190 2016 238 2055 ad
250 2019 483 2071 praecipuum
501 2019 680 2056 omnium
695 2045 704 2062 ‚
737 2016 844 2071 quod
856 2030 990 2072 opera-

189 2087 249 2114 tus
270 2073 323 2114 est
335 2073 505 2129 unquam
517 2101 527 2120 ,
546 2088 610 2114 aut
626 2088 847 2130 operaturus
859 2075 912 2115 est
931 2076 989 2116 of-

191 2132 322 2172 ficium
340 2135 477 2174 DEUS
496 2162 507 2178 ,
539 2131 725 2189 asshmpta
749 2133 803 2174 est
828 2137 949 2190 Virgo
975 2158 988 2178 2

193 2205 234 2231 ut
246 2194 432 2232 nimirum
444 2194 568 2232 DEuM
583 2206 738 2247 pareret.
786 2194 895 2233 Hinc
906 2208 987 2233 cre-

192 2248 312 2290 dibile
324 2251 539 2290 admodum
551 2250 617 2296 est,
633 2251 740 2305 quod
751 2253 875 2292 Divus
891 2256 988 2294 Vin*

1020 318 1083 358 lici
1106 318 1147 359 hi
1164 317 1310 374 spiritus
1340 317 1541 359 solennem
1553 321 1632 374 jam
1649 334 1734 360 tum
1747 322 1816 359 Fe-

1020 376 1225 419 stivitatem
1238 404 1249 420 ‚
1279 381 1320 418 in
1337 380 1499 434 Reginae
1515 377 1585 418 suae
1604 378 1815 434 puriffimae,

1020 451 1064 476 ac
1088 435 1335 477 immaculate
1365 451 1568 492 conceptae
1597 437 1791 477 honorem
1808 464 1820 481 ‚

1020 493 1167 534 summa
1179 494 1307 534 laetitia
1320 525 1330 540 ‚
1354 511 1398 536 ac
1407 494 1662 551 gratulatione
1674 498 1715 535 in
1726 497 1821 536 Coe-

1021 552 1066 592 lis
1087 552 1342 594 celebrarunt.
1412 555 1499 594 Nec
1535 553 1733 595 reticenda
1753 552 1821 593 hie

1023 613 1116 651 Divi
1136 611 1253 651 nostri
1265 610 1435 652 Anselmi
1448 612 1590 653 devota
1601 627 1672 670 pro
1681 611 1822 669 purisfi-

1024 668 1090 709 mfi
1111 669 1183 709 hac
1210 669 1451 725 Angelorum
1487 671 1642 728 Regina
1672 671 1824 712 senten-

1025 730 1078 767 tia
1092 742 1099 765 :
1131 728 1276 783 Angelos
1288 757 1298 773 ,
1328 732 1380 769 ait
1391 728 1455 769 ille
1466 754 1477 774 ‚
1500 730 1575 784 alijs
1583 729 1792 787 peccantibus
1803 729 1824 768 ιὶ
1843 743 1970 774 Serm.de

1020 798 1150 843 peccato
1167 787 1349 840 servam),
1376 788 1584 841 &foeminam
1604 790 1756 828 Matrem
1764 787 1823 844 sit-
1842 789 1981 826 Concept.

1028 860 1081 883 am
1091 844 1263 899 futuram,
1296 843 1339 883 ab
1357 845 1494 884 aliorum
1511 848 1653 902 peccatis
1682 861 1824 886 exortem

1020 902 1159 958 ftrvare
1170 919 1231 942 non
1235 904 1342 959 potuit
1361 904 1386 942 ,Ρ
1415 904 1447 942 in
1463 906 1638 944 aeternitate
1657 904 1826 959 confilijfiti

1022 961 1136 1013 statuit
1150 990 1161 1006 ,
1189 977 1259 1000 eam
1272 962 1433 1017 nginam
1447 963 1522 1016 sore
1536 962 1754 1018 Angelorum,
1787 970 1827 1005 (9⁴

1030 1021 1063 1059 in
1075 1020 1260 1074 consortium
1283 1019 1524 1076 conceptameffi
1541 1020 1736 1061 crederemus
1749 1033 1826 1078 pec-

1031 1091 1174 1117 catorum
1197 1078 1222 1117 ,Ρ
1252 1078 1369 1118 Absit.
1410 1079 1637 1119 Dicendum
1677 1084 1827 1136 potius,

1030 1138 1214 1177 MARIAM
1235 1139 1276 1176 in
1316 1135 1473 1177 instanti
1508 1136 1578 1177 illo
1611 1137 1829 1180 feliciffimae

1032 1194 1103 1235 suae
1137 1197 1420 1251 Conceptionis
1437 1225 1446 1241 ‚
1491 1194 1609 1252 longe
1634 1197 1829 1238 excellen-

1032 1252 1145 1297 tiori,
1169 1253 1287 1307 quam
1328 1253 1520 1310 Angelos,
1558 1253 1662 1295 fuiffe
1710 1255 1832 1313 gratia.

1035 1312 1262 1368 praeditam?
1293 1326 1386 1352 nam
1402 1342 1412 1358 ‚
1444 1313 1519 1353 sihi
1535 1316 1575 1353 in
1596 1315 1719 1370 gratia
1736 1331 1832 1356 con-

1036 1371 1107 1411 diti
1128 1386 1216 1411 eam
1238 1370 1489 1411 constitutam
1514 1374 1709 1428 Reginam
1728 1372 1833 1414 suam

1037 1432 1078 1470 in
1101 1429 1264 1470 exordio
1287 1429 1522 1470 maculatam
1543 1431 1834 1487 conspexissent,

1037 1487 1304 1545 gloriaricerte
1325 1491 1542 1528 etiamnum
1561 1490 1733 1545 poss'ent,
1766 1506 1837 1546 pu-

1036 1551 1178 1587 riorem
1188 1547 1253 1587 sibi
1272 1546 1377 1587 fuisse
1388 1550 1579 1604 originem
1589 1577 1601 1594 ,
1628 1547 1748 1603 quam
1757 1549 1813 1590 illi
1824 1579 1837 1596 ‚

1036 1603 1163 1661 ficc'lue
1188 1609 1222 1646 ei
1240 1605 1415 1647 insultare
1436 1636 1447 1652 ‚
1493 1606 1601 1648 velut
1630 1606 1733 1663 turpi*
1768 1607 1837 1649 ali·-

1038 1663 1198 1719 quando
1217 1669 1367 1722 peccati
1391 1665 1545 1705 macula¹
1575 1665 1838 1722 conspurcatae

1037 1726 1216 1780 Reginae.
1292 1724 1357 1764 Ne
1390 1723 1483 1780 ergo
1521 1723 1612 1765 lervi
1638 1727 1837 1781 Reginam

1038 1794 1190 1823 tantam
1209 1780 1430 1838 despiciant,
1445 1781 1612 1823 omnino
1625 1782 1840 1826 dicendum

1036 1840 1111 1883 est,
1148 1843 1391 1895 eximperio,
1422 1841 1742 1897 quodlMARIA
1769 1843 1839 1884 ha-

1037 1897 1103 1939 bet
1128 1898 1234 1954 super
1255 1898 1452 1955 Angelos,
1486 1899 1640 1946 inferri,
1671 1915 1756 1941 non
1781 1901 1839 1942 so-

1037 1956 1120 1997 lum
1136 1956 1158 1997 a
1170 1972 1331 2013 peccato
1348 1972 1434 1997 eam
1454 1958 1634 2015 originali
1646 1958 1750 1999 fuisse
1763 1963 1836 2001 im-

1037 2029 1225 2062 munem,
1257 2019 1390 2057 verum
1424 2022 1542 2057 etiam
1577 2019 1616 2057 in
1641 2017 1702 2058 sua
1726 2020 1837 2060 Cone

1040 2077 1221 2130 ceptione
1252 2072 1378 2115 multo
1408 2074 1676 2116 excellentiori
1714 2077 1838 2133 gratia

1037 2133 1227 2173 donatam
1251 2132 1356 2173 fuiffe
1378 2151 1387 2179 5
1418 2136 1509 2174 cum
1526 2136 1681 2191 Regina
1703 2138 1837 2191 utique

1041 2198 1051 2244 (
1073 2205 1115 2232 ut
1125 2191 1215 2232 alibi
1237 2191 1509 2248 probavimus)
1534 2196 1575 2233 in
1600 2191 1838 2250 excellentijs

1038 2250 1242 2291 nobilitate
1267 2277 1278 2294 2
1309 2256 1349 2293 &
1371 2251 1499 2307 gratijs
1525 2250 1631 2293 servo
1647 2252 1838 2295 excellere

0 2298 178 2367 fflfnssjst'iv·
193 2312 340 2350 centius
368 2309 500 2349 refert:
530 2311 571 2348 In
586 2308 764 2365 felicissimd
781 2307 840 2349 illd
867 2312 989 2349 MA.
1037 2309 1187 2350 debeat.
1260 2309 1346 2350 Imo
1374 2308 1529 2350 ass'erere
1554 2324 1637 2351 non
1666 2326 1804 2352 vereor
1824 2342 1836 2359 ,

0 2370 1 2416 f
28 2379 109 2421 Vixg.
192 2368 549 2424 RIAEConceptione,
580 2367 757 2407 mandante
776 2382 851 2408 mox
863 2370 988 2408 Numi·
1037 2371 1221 2409 MARIAE
1247 2367 1268 2408 a
1290 2367 1495 2409 communi
1523 2368 1625 2425 lapsu
1644 2374 1837 2427 exempti-

0 2481 1 2510 l

0 2516 3 2554 l

191 2442 229 2464 ne
235 2426 400 2482 prasentia
418 2424 547 2482 acffitzffi’
565 2427 631 2465 tria
653 2425 894 2466 cherubinorum
915 2428 988 2467 mil-

190 2484 254 2530 lia,
286 2501 366 2525 non
379 2484 495 2525 alium
510 2484 612 2524 certe
634 2484 685 2524 ob
703 2486 833 2531 finem,
865 2485 984 2539 quam

190 2547 280 2597 quia
292 2543 478 2582 mandatum
494 2543 575 2599 iplis
596 2543 644 2583 de
657 2546 805 2584 Mirm
824 2543 946 2584 fuerat
970 2574 981 2590 ‚

190 2614 233 2641 ut
255 2601 438 2648 custodirent
449 2619 517 2641 eam
530 2603 561 2640 in
577 2602 718 2641 omnibus
730 2602 867 2657 ‘vij'sstcis
879 2631 889 2647 ‚
925 2601 985 2658 inqi,

189 2659 432 2699 manibusillam
444 2673 634 2717 portarent,
657 2662 784 2716 neforte
805 2659 983 2716 offinderet‚

190 2720 231 2757 in
262 2717 392 2771 aliquo
411 2719 566 2760 instanti
584 2749 593 2765 ,
637 2719 684 2759 ad
701 2719 836 2776 lapidem
860 2719 982 2776 culpat

188 2775 385 2832 originalis
415 2806 425 2822 ,
463 2777 573 2834 pedem
592 2778 697 2833 ficum.
758 2777 867 2834 Qid
889 2793 982 2835 ergo

186 2837 329 2875 mirum
342 2863 352 2880 ,
383 2834 408 2874 si
424 2849 502 2882 tot,
531 2852 574 2877 ac
591 2840 724 2882 tantis,
748 2835 906 2892 tamque
917 2852 983 2879 va-

186 2892 272 2934 lidis
296 2896 466 2949 prote&a
487 2895 704 2936 custodibus
720 2925 729 2942 ,
757 2911 839 2936 non
855 2894 978 2937 solum

186 2966 270 2992 non
281 2950 444 2992 offendit
466 2953 637 3007 unquam
659 2954 707 2995 ad
721 2954 892 3011 lapidem
918 2954 978 2995 of.

186 3009 386 3056 fenfionis,
416 3014 549 3052 verum
564 3015 680 3053 etiam
695 3012 861 3070 glorioso
876 3013 976 3069 pede

177 3068 273 3126 super
292 3068 448 3125 aspidem,
491 3079 528 3111 (φ
551 3069 720 3125 bafilifium
745 3071 975 3113 infernalem

184 3127 429 3169 inambulans
450 3157 460 3172 ,
489 3128 566 3167 nihil
581 3130 760 3184 projiciente
781 3132 815 3170 in
838 3131 877 3170 ed
908 3137 974 3181 (ut

180 3199 302 3242 nuper
312 3187 500 3236 diximus)
534 3188 677 3233 inimico,
700 3189 897 3231 conculcavit
907 3192 973 3230 Le-

1038 2442 1159 2467 onem
1172 2431 1211 2467 in
1224 2441 1409 2483 magnam
1422 2427 1557 2468 ceffiffe
1572 2426 1738 2484 gloriam
1751 2444 1835 2470 non

1035 2489 1188 2526 tantum
1207 2485 1350 2527 Christi
1369 2487 1446 2539 ejus
1482 2486 1588 2540 Filij,
1616 2485 1679 2527 sed
1714 2490 1834 2529 etiam

1035 2544 1278 2601 Angelorum
1295 2547 1495 2591 omnium,
1527 2560 1694 2600 quorum
1712 2551 1834 2588 ruinae

1037 2617 1104 2658 per
1116 2606 1319 2659 Virginem
1332 2618 1555 2659 reparantur
1568 2633 1578 2650 ,
1610 2604 1753 2660 quidue
1766 2605 1834 2647 tali

1034 2663 1189 2718 Regina
1220 2665 1260 2701 in
1282 2677 1445 2702 omnem
1471 2666 1727 2705 aeternitatem
1748 2664 1836 2721 glo.

1033 2720 1242 2764 riabuntur.
1303 2722 1526 2765 Caeterum,
1554 2735 1596 2762 ut
1629 2728 1670 2764 &
1718 2737 1790 2764 nos
1820 2749 1833 2770 2

1031 2794 1108 2820 una
1134 2794 1222 2820 cum
1239 2779 1396 2835 Angelis
1425 2809 1436 2826 ,
1463 2779 1531 2820 tali
1560 2779 1741 2837 Regina,
1783 2781 1833 2823 ab

1032 2837 1145 2878 omni
1186 2837 1270 2877 labe
1298 2837 1487 2893 puriffima
1518 2868 1528 2884 ,
1559 2841 1747 2880 aeternum
1789 2844 1832 2882 in

1032 2896 1155 2938 Coelis
1176 2895 1328 2952 gloriari
1361 2896 1562 2952 poffimus‚
1606 2899 1832 2941 MARIAM

1026 2953 1075 2995 ab
1099 2953 1430 3009 administratorijs
1452 2953 1554 2995 hisce‘
1579 2953 1766 3011 spiritibus
1788 2961 1833 3002 in

1026 3014 1300 3069 Conceptione
1314 3014 1452 3068 jugiter
1466 3012 1717 3061 custoditam,
1737 3014 1827 3072 ficc‘ss

1023 3085 1091 3127 per
1103 3074 1293 3113 Divinam
1318 3071 1627 3128 providentiam,
1662 3073 1824 3116 sollicite

1022 3129 1071 3170 ab
1090 3128 1203 3171 omni
1227 3127 1312 3170 labe
1346 3128 1634 3186 praeservatam,
1664 3133 1782 3175 corde
1799 3160 1812 3179 ,

1022 3200 1106 3235 ore,
1135 3203 1179 3229 ac
1190 3186 1342 3230 calamo
1359 3187 1556 3233 fateamur.

1703 3254 1736 3298 §-
1760 3262 1794 3289 2.
