2164 3413
131 2356 259 2412 540·

360 81 464 136 266

316 182 394 226 quo
424 172 551 218 canis,
589 172 676 227 'Este
697 172 871 212 Plutarcho
891 198 903 216 ‚
934 170 986 212 ob
1012 175 1107 228 vigi-

314 230 408 270 liam
428 230 668 287 neglectam,
701 235 740 271 in
752 246 936 288 poenam,
968 229 1108 272 etrabe

315 288 609 345 suspendebatur
635 308 642 330 :
676 288 836 332 econtra
869 287 987 329 Anser
1011 316 1022 333 ‚
1051 303 1111 330 ut-

314 347 408 403 pote
426 348 587 404 vigilans
607 348 753 395 custos,
785 363 831 388 ac
844 346 966 388 fidelis
978 346 1111 388 defen-

314 405 393 453 sor,
431 406 645 448 holoserico
683 407 903 464 pulvinari,
955 405 1111 446 floribus

316 465 489 519 undique
505 465 666 523 resperso
681 465 847 507 insidens
860 493 871 511 ,
903 464 1052 521 populo
1065 480 1112 505 ex

315 523 543 580 ponebatur.

430 581 634 624 Solennius
664 584 795 636 utique
829 578 982 621 Festum
1012 580 1110 634 jure-

313 640 456 682 merito
479 640 649 681 celebrat
672 638 893 682 Christiana
916 638 1076 679 devotio
1098 664 1109 680 ‚

312 714 380 755 per
408 698 574 756 singulos
604 713 751 744 annos,
784 697 833 738 de
856 696 1109 738 Immaculata

312 759 391 812 ejus
417 761 586 815 Virginis
608 760 917 814 Concepr'rone'3
939 771 1109 810 vquaeca-

310 816 424 857 nibus
443 815 747 862 dormientibus,
780 815 821 856 id
845 814 926 858 est,
955 814 1109 855 Adamo

309 881 351 918 &
363 874 442 917 Eva
453 902 464 920 ‚
490 878 556 931 qui
568 874 811 932 vigilantium
825 873 941 914 instar
953 887 1108 919 canum,

308 936 452 975 Arcem
470 937 603 990 primae
628 935 888 978 innocentiae,
919 931 942 973 a
965 931 1107 972 furibus

308 998 351 1035 δε
378 992 623 1049 praedonibus
644 990 915 1036 infernalibus,
944 989 1108 1030 fideliter

307 1050 501 1092 custodire
533 1050 731 1093 debebant
753 1079 764 1096 ,
795 1048 915 1090 talem
940 1047 1107 1090 custodi-

306 1125 373 1160 am
389 1113 548 1167 turpiter
569 1106 875 1166 negligentibus,
901 1105 1109 1164 portasque

304 1168 522 1214 oculorum,
546 1166 744 1225 prohibito
756 1166 911 1212 fruetur,
943 1165 1106 1225 auriunjj,

301 1226 414 1275 fibilo
438 1225 621 1283 serpentis
660 1225 738 1267 late
767 1223 882 1266 nimis
903 1227 1108 1281 aperienti-

302 1285 373 1333 bus
397 1314 408 1332 ,
449 1284 528 1326 sola
561 1283 771 1326 centoculo
802 1286 908 1340 Argo
944 1281 1107 1342 vigilan*-

304 1347 402 1390 tior,
435 1343 537 1385 hosti
564 1341 678 1385 omni
713 1356 920 1384 momento
952 1343 1101 1396 aditum

301 1406 346 1444 in·
362 1405 537 1444 animam
549 1401 766 1458 prohibuit,
797 1415 915 1457 quarn
934 1401 1098 1456 proindfe

301 1461 379 1502 fine
394 1459 507 1502 omni
522 1460 608 1502 labe
636 1459 821 1503 facillime
843 1459 1095 1515 conservayit‘.

302 1520 426 1577 Qod
447 1519 472 1559 fi
494 1523 601 1560 canis
625 1519 678 1560 ob
716 1518 900 1577 neglec‘tae
920 1517 1096 1572 1111113311-

300 1578 402 1635 giliae
440 1583 675 1620 memoriam
699 1607 712 1626 ,
743 1577 765 1619 ὲ
794 1576 901 1619 trabe
923 1575 1095 1633 suspendi

317 1721 946 1830 {sannas

537 1867 688 1996 De)
719 1913 1097 2023 Concept&

758 73 852 135 De
874 71 1167 154 concepta
1185 75 1341 134 Sacra
1362 74 1614 152 Deipaffl.

1158 172 1286 214 solitus
1300 172 1523 214 aRomanis
1547 172 1636 213 fuit:
1668 171 1720 212 ob
1742 173 1958 229 neglectam

1162 235 1302 287 pariter
1351 231 1373 271 ὲ
1396 230 1731 287 protoparentibus
1761 232 1956 288 vigiliam,

1161 293 1378 330 etiamnum
1410 289 1430 330 ὲ
1454 289 1560 345 ligno
1582 289 1745 330 scientiae
1770 289 1885 335 boni,
1917 297 1958 331 ἃ,

1160 348 1253 389 mali
1288 348 1455 404 luspensa
1483 352 1604 404 gemit
1623 352 1806 404 concepti
1836 349 1956 402 cujus-

1161 406 1313 462 cundue
1326 408 1498 447 hominis
1518 410 1742 448 innocentia
1753 437 1762 452 ,
1796 422 1877 447 nou
1887 406 1955 446 ali—

1162 465 1459 506 terrestituenda
1476 495 1486 511 ,
1519 466 1585 505 nisi
1612 481 1677 522 per
1697 470 1956 521 Unigenitum

1161 527 1253 564 DEI
1271 524 1430 569 Filium,
1465 527 1504 563 in
1517 539 1649 565 amaro
1675 526 1809 565 Crucis
1846 523 1954 579 liguo

1160 581 1371 638 suspensum
1389 615 1396 622 .
1429 585 1577 622 Minui.
1599 586 1754 623 interim
1769 612 1779 629 ,
1809 585 1957 623 Roma-

1160 656 1301 681 norum
1322 639 1437 680 instar
1456 639 1641 681 Anserum
1657 671 1666 686 ‚
1707 644 1747 681 in
1769 640 1959 698 pulvinari

1160 699 1318 740 floribus
1348 698 1585 739 ornatissimo
1607 726 1619 746 ,
1663 699 1826 741 dulciter
1865 715 1956 740 cum

1159 758 1257 798 Filio
1273 758 1337 799 suo
1357 757 1615 811 requiescente
1633 788 1642 803 ‚
1677 772 1718 798 ut
1735 759 1891 814 ipsamet
1902 758 1955 798 fa-

1158 830 1277 862 tetur,
1298 818 1339 871 ijs
1355 815 1498 858 verbis:
1530 817 1684 856 LeHulua
1696 817 1792 872 noster
1802 815 1953 870 floridm.

1158 878 1357 917 Cant.c.1.
1380 892 1412 916 v.
1429 881 1478 915 16.
1501 889 1584 929 quae
1600 890 1800 929 nunquam
1820 890 1886 931 per
1896 893 1954 917 re.

1157 933 1428 990 demptionem
1445 931 1603 973 restituti
1628 932 1783 980 debuit,
1815 935 1953 991 utpote

1155 991 1416 1050 specialiffimo
1462 991 1719 1034 Sacratiffimae
1779 994 1953 1048 passionis

1155 1055 1295 1094 merito
1312 1050 1571 1108 praelervative
1597 1051 1809 1107 redempta.

1289 1173 1330 1227 §0
1348 1181 1399 1235 7.
1430 1167 1791 1241 Anagramma..

1154 1263 1230 1308 TV
1259 1264 1434 1322 prIMa‚
1472 1264 1539 1308 aC
1567 1257 1679 1306 soLa
1698 1293 1712 1316 ,
1763 1256 1819 1306 ab
1835 1263 1950 1308 ADae

1318 1329 1437 1378 Labe
1473 1334 1652 1394 Integra
1676 1334 1784 1376 EVa·

1148 1415 1264 1455 Prima
1275 1445 1287 1462 ,
1305 1432 1343 1457 ac
1359 1416 1475 1455 ultima
1491 1415 1611 1455 munda
1619 1431 1663 1462 es,
1678 1420 1705 1456 O
1715 1415 1839 1472 integra
1850 1415 1950 1458 Eva!

1376 1494 1509 1538 Verfio
1527 1493 1709 1536 litteralis,

1143 1575 1225 1615 Ave
1235 1573 1372 1616 Maria,
1379 1571 1605 1629 gratidplena,
1616 1573 1778 1612 Dominus
1790 1586 1902 1615 tecum.

1147 1911 1359 1992 Sacra
1412 1909 1752 2017 Deipara,

596 2074 1194 2150 CONCEPTUS
1274 2070 1673 2141 LXXVIII.

505 2247 546 2300 ς.
563 2255 599 2291 Ι.
633 2242 889 2312 Scriptura.

389 2336 483 2381 NIL
509 2329 653 2382 VLtra
673 2333 1002 2381 faCIenDVM.

301 2420 401 2462 Isaiae
417 2434 447 2472 c.
467 2433 494 2470 5.
509 2433 544 2458 v.
561 2430 598 2468 4.
631 2414 724 2474 Qid
733 2416 792 2469 «ss,
823 2415 909 2473 quod
930 2415 1022 2456 debui
1041 2416 1092 2457 ul-

384 2477 438 2516 ινὰ
446 2477 559 2531 facere
582 2479 622 2515 V
620 2476 693 2514 ineae
707 2490 799 2520 mete,
827 2483 938 2517 &non
940 2474 1007 2529 fici
1017 2477 1045 2515 ei
1067 2475 1093 2515 ,Ρ

436 2555 564 2593 Emini
599 2555 778 2609 ignotum
810 2551 973 2592 arbitror
993 2581 1004 2599 ‚
1035 2555 1091 2608 ju-

299 2562 430 2691 Ν
462 2611 659 2652 stiffimum
695 2611 957 2650 Patriarcham
979 2612 1090 2653 Noe-

467 2684 577 2709 mum
590 2699 601 2715 ,
632 2668 840 2725 expurgata
855 2670 933 2723 jam
950 2684 1018 2724 per
1032 2672 1089 2711 di-

296 2730 442 2772 luvium
451 2728 551 2769 terra
570 2757 580 2773 ,
611 2741 744 2783 utpote
760 2728 968 2767 hominum
982 2743 1090 2770 ante.

296 2788 368 2829 hac
397 2787 593 2828 sceleribus
608 2789 768 2842 turpiter
792 2787 1057 2828 contaminata
1075 2815 1087 2833 ,

294 2847 525 2902 auspicatum
537 2845 696 2886 tandem
722 2844 769 2884 de
781 2859 887 2886 novo
903 2858 1010 2886 terrae
1022 2862 1087 2887 ex1

294 2905 468 2945 colenda:
484 2902 608 2944 feciile
626 2905 804 2943 initium:
835 2902 899 2943 ubi
916 2902 1085 2959 speciali—

294 2977 351 3003 ter
391 2967 502 3004 Sacra
549 2966 740 3017 Scriptura
778 2975 1081 3010 commemorat,

293 3021 507 3076 plantatam
539 3020 687 3075 insuper
708 3019 757 3060 ab
779 3035 826 3060 eo
844 3024 1000 3061 vineam
1025 3021 1082 3063 fu-

120 3102 188 3129 am,
200 3109 263 3134 ὣς,
292 3078 352 3120 isse
365 3108 376 3125 ,
407 3080 501 3119 dum
513 3081 566 3118 air
587 3096 595 3118 ς
624 3081 703 3117 No&
716 3080 771 3118 vir
780 3079 918 3135 agricola
937 3095 1081 3123 exercere

118 3151 144 3171 V.
157 3151 200 3173 20.

285 3140 371 3195 coepic
385 3151 524 3181 terram,
556 3144 594 3179 (ἔτ
609 3137 781 3192 plantavit
795 3138 937 3180 vineam.

1230 2202 1408 2244 Eundem
1420 2200 1536 2257 porro
1549 2200 1786 2257 agriculturae
1796 2200 1940 2248 labore,

1146 2276 1263 2316 quem
1278 2261 1391 2315 justus
1405 2262 1496 2300 No‘e‘
1514 2289 1525 2305 ,
1553 2260 1573 2299 ὲ
1586 2259 1732 2301 diluvio
1745 2259 1942 2315 superstes,

1144 2319 1228 2360 inse
1252 2319 1429 2375 suscepit,
1452 2319 1821 2374 justmDOMIszs‚
1852 2320 1940 2359 No-

1143 2381 1221 2418 emi
1246 2392 1395 2419 creator
1414 2407 1424 2423 ,
1452 2377 1643 2433 lupremus
1660 2375 1783 2422 Coeli,
1811 2390 1938 2417 terrae-

1142 2435 1216 2491 que
1229 2436 1450 2478 Monarcha
1461 2465 1471 2482 ,
1506 2439 1546 2476 in
1560 2435 1594 2476 se
1610 2449 1763 2490 quoque
1774 2433 1932 2491 suscipe·

1141 2509 1180 2535 re
1196 2510 1279 2536 non
1301 2495 1355 2536 est
1386 2495 1614 2551 dedignatus
1637 2522 1647 2539 ,
1674 2496 1935 2535 convincente

1140 2554 1180 2593 id
1200 2558 1357 2610 proprio
1368 2553 1505 2594 Divini
1516 2552 1567 2593 lui
1584 2551 1666 2605 Filij
1684 2550 1908 2593 testimonio
1916 2581 1932 2599 ,

1140 2611 1321 2653 dicentis:
1354 2615 1456 2651 Pater
1475 2626 1562 2650 meus
1581 2609 1718 2666 agricola
1741 2609 1790 2663 cst.

1275 1712 1301 1751 ‘x‘
1506 1739 1517 1750 2
1584 1748 1588 1749 ⁷
1716 1717 1732 1749 ς
1768 1741 1774 1748 .

1282 1750 1300 1776 γ
1354 1748 1371 1771 θ
1427 1749 1442 1771 ἱ
1498 1748 1516 1769 <a
1571 1748 1585 1769 Ω
1643 1748 1659 1770 θ
1715 1749 1730 1771 2
1859 1750 1873 1772 Ω

1969 1304 2086 1365 539·

1850 2614 1928 2654 Ve-
1944 2626 1986 2664 Jo.
1995 2636 2020 2660 e.
2033 2638 2044 2659 1
2053 2638 2079 2666 5.

1139 2684 1344 2712 runtamen
1359 2685 1435 2727 prae
1464 2667 1644 2709 omnibus
1657 2666 1737 2721 alijs
1766 2667 1927 2723 plantis,
1947 2677 2004 2700 ιι.

1139 2729 1178 2769 id
1200 2729 1276 2776 est,
1308 2731 1506 2774 creaturis,
1534 2725 1595 2767 sua
1627 2726 1780 2781 potenti
1809 2742 1929 2770 manu

1137 2787 1353 2842 produffis,
1385 2786 1555 2843 plantare
1573 2784 1696 2826 voluit
1718 2784 1928 2840 specialiter

1135 2846 1266 2885 wineam
1295 2875 1306 2892 ,
1337 2844 1589 2885 Beatiffimam
1621 2842 1764 2883 icilicet
1799 2848 1926 2901 Virgi-

1134 2918 1226 2945 nem
1248 2906 1428 2944 MARIAM
1448 2931 1461 2948 ‚
1483 2902 1725 2959 primogenitam
1753 2916 1827 2942 ante
1856 2919 1924 2943 om.

1132 2976 1202 3002 nem
1225 2976 1413 3002 creaturam.
1469 2962 1567 3000 Haec
1584 2989 1594 3005 ,
1633 2960 1715 3000 haec
1754 2974 1834 3001 erat
1856 2961 1923 3003 illa

1131 3023 1243 3060 vinea
1253 3019 1396 3065 elena,
1426 3017 1543 3075 louge
1568 3018 1706 3072 majori
1737 3017 1921 3060 felicitate

1131 3077 1300 3121 &DEQ
1339 3076 1457 3132 quam
1480 3077 1543 3118 illa
1569 3076 1591 3117 a
1610 3079 1770 3117 Noemo
1791 3105 1802 3122 ,
1832 3077 1917 3133 post

1127 3136 1318 3179 inundans
1339 3139 1485 3193 peccati
1508 3135 1703 3193 originalis
1727 3134 1915 3232 diluvmm

1743 3207 1767 3249 p
1786 3208 1852 3233 an.
