2164 3413
44 1182 171 1239 544·

62 2564 126 2602 ¹⁴14ss
139 2574 210 2598 (ας.

11 2948 14 2954 ’
64 2983 182 3040 545·

641 91 961 174 Conceptus

201 188 379 234 aflectum
393 222 404 240 ,
420 191 628 250 plurimum
640 193 987 234 commendandum

205 251 269 292 hic
280 255 489 297 enim,cirm
502 251 633 292 amissa
643 252 821 292 audiendi
832 251 988 292 faculta-

206 323 257 355 te,
275 325 340 366 per
350 311 512 366 longum
522 314 703 365 temporis
716 309 874 366 spatium
887 339 898 356 ,
915 309 989 349 fiir-

207 367 276 407 dus
302 367 478 408 extitisset
500 397 510 414 ,
541 369 589 407 ad
609 369 836 423 purissimam
859 367 989 409 Siloen

209 428 402 469 MARIAM,
423 426 572 467 devotis
585 455 594 471 ‚
606 441 649 466 ac
661 426 894 480 quotidianis
907 441 991 482 pre-

208 483 313 524 cibus
345 483 568 524 fiducialiter
595 499 814 530 accurrens,
845 487 886 524 in
913 482 991 540 ipso

210 541 467 582 Immaculatae
478 544 759 598 Conceptionis
772 541 969 599 pervigilio
982 571 992 587 ‚

211 600 380 652 ejusdem
396 599 548 656 potenti
563 601 823 641 intercessione
835 631 846 647 ‚
877 600 996 656 pristi-

212 673 306 698 num
318 662 553 714 recuperavit
573 659 746 700 auditum
758 689 767 705 ‚
796 674 836 700 ut
853 663 912 699 cui
930 658 997 698 ha-

212 718 343 756 &enus
373 716 428 756 nil
461 715 583 773 magis
610 721 650 758 in
672 717 816 772 delicijs
843 716 963 757 fuerat
985 746 996 762 ‚

211 773 329 828 quam
376 776 424 815 de
469 779 629 831 Virgine
673 775 763 832 pure
807 774 999 831 concept&

211 832 340 873 audire
359 832 582 888 loquentes,
611 832 802 890 Spirituali
813 834 887 874 hoc
909 848 999 890 gau-

212 890 279 930 dio
291 906 373 931 non
385 890 482 932 ultra
493 895 709 948 privaretur.
743 893 881 948 Philipp.
894 892 999 949 Kiſsl.

212 950 244 989 in
256 949 418 1006 appendic.
430 967 459 990 2.
471 955 516 989 ad
524 951 609 991 Alv.
629 954 711 991 Cem.
724 968 756 997 9.
777 952 858 996 Dec,
871 968 905 992 ε.

417 1071 457 1124 9.
472 1078 517 1130 5.
550 1064 822 1140 &molum

288 1186 475 1231 NVLLo
523 1182 765 1230 fVLMIne
822 1179 939 1231 Laesa

506 1256 717 1315 Delpara.

272 2502 377 2533 Plinius
387 2495 540 2538 *indignam
564 2495 653 2524 censet
668 2494 804 2523 libamine
826 2495 931 2529 vitem,

313 2545 383 2582 Qae
400 2542 462 2569 diro
477 2539 618 2580 quondam
635 2535 756 2565 fulmine
772 2537 832 2565 laesa
849 2538 915 2568 fuit.

274 2577 407 2616 Numinis
421 2582 486 2610 hine
499 2579 628 2608 Genitrix
637 2587 719 2606 tanto
730 2588 816 2617 neque
827 2579 913 2617 digna
926 2577 1015 2609 fuiffet

316 2628 433 2655 Munere
448 2641 456 2652 ,
483 2623 502 2651 fi
520 2622 611 2660 ptimo
623 2618 744 2647 fulmine
764 2619 826 2647 Iaesa
847 2619 930 2649 foret.

275 2705 337 2734 Noli
354 2705 444 2741 offerre
466 2710 582 2731 mnnera
600 2707 710 2737 prava.·
735 2708 790 2726 non
814 2699 1023 2741 enimfitscipiet

233 2751 290 2779 ina.
331 2746 413 2774 Eccli.
428 2752 451 2772 c.
464 2753 509 2781 35,
532 2753 555 2771 v,
567 2749 613 2780 34.

393 2851 430 2899 §.
457 2841 508 2893 6.
552 2837 848 2912 Antiquitas,

318 2941 483 2988 AnCaeI
503 2942 668 3000 Magna
686 2939 845 2987 CVra,
883 2938 956 2981 De

541 3001 705 3054 Vlnefii.

355 3097 384 3136 E
402 3098 565 3138 Ancae0‚
594 3094 791 3147 Neptuni,
830 3107 871 3132 ut
890 3095 997 3132 aiunt
1013 3122 1023 3138 ,

383 3153 463 3196 filio
485 3150 719 3192 recensetur:
751 3164 839 3191 eum
869 3151 1023 3205 cujdam

1039 89 1338 152 LXXVIII.
1688 98 1790 160 269

1036 187 1103 229 ase
1120 186 1298 243 plantatae
1313 190 1453 233 vineae,
1479 201 1554 243 prae
1578 186 1730 243 reliquis
1746 187 1823 243 spen

1036 246 1144 286 ciosae
1155 275 1166 292 ,
1196 246 1295 286 adeo
1308 245 1410 286 fuisse
1421 244 1596 286 affectum
1609 276 1618 292 ‚
1650 261 1690 286 ut
1705 249 1825 285 maxi-

1036 319 1142 345 mam
1161 304 1208 344 de
1218 304 1262 344 efi
1272 319 1400 344 curam
1411 303 1558 360 gesserit
1572 334 1582 350 ‚
1610 304 1727 359 inque
1739 318 1827 344 eam

1038 362 1156 408 nulli,
1182 360 1425 417 quantumvis
1450 365 1597 408 amico,
1629 369 1669 404 δι
1690 360 1829 401 famili-

1039 424 1115 466 ari,
1138 420 1286 460 aditum
1309 419 1525 476 permiserit.
1559 422 1710 465 verum,
1738 422 1830 459 cum

1042 478 1189 533 aliquot
1209 494 1256 519 ex
1274 477 1338 518 illa
1358 478 1490 519 botros
1519 492 1686 518 maturos
1707 492 1831 531 quon-

1043 536 1134 577 dam
1184 535 1439 592 decerpsisset,
1472 536 1639 591 indeque
1668 536 1832 575 domum

1044 593 1206 635 reversus
1228 624 1238 641 ‚
1271 608 1456 635 craterem
1494 610 1583 634 cum
1616 597 1708 634 vino
1729 623 1739 638 ‚
1785 607 1833 632 ex

1046 656 1126 694 uvis
1148 651 1220 692 illis
1238 653 1420 708 expreffo,
1445 652 1552 706 labijs
1583 648 1808 693 admoviffet
1823 679 1835 695 ‚

1047 713 1265 766 repentinus
1285 710 1500 766 lupervenit
1518 714 1693 755 nuntius,
1723 713 1757 749 ei
1779 713 1838 748 in-

1046 769 1221 814 sinuans,
1254 771 1400 824 Aprum
1428 769 1624 823 quendam
1652 782 1839 824 praegran-

1049 827 1141 867 dem
1158 829 1197 865 in
1209 830 1375 868 Vineam
1392 826 1496 866 illam
1507 826 1709 883 ingrefliim
1724 855 1735 871 ‚
1750 840 1841 866 ean-

1050 885 1141 926 dem
1153 884 1255 924 haud
1268 883 1383 924 dubie
1405 884 1576 924 totaliter
1587 884 1842 940 depasturum,

1052 959 1095 984 ac
1115 942 1408 984 devastaturum.
1441 957 1554 997 quare
1578 946 1758 985 Ancaeus2
1789 945 1844 982 vi-

1053 1017 1108 1042 no
1122 1001 1300 1042 nondum
1324 1000 1475 1057 gustato
1488 1030 1498 1046 ‚
1522 1000 1705 1056 scyphum
1726 1015 1847 1055 quan-

1056 1063 1191 1115 tocyus
1216 1058 1236 1099 ὲ
1261 1075 1379 1099 manu
1399 1059 1584 1115 seponens
1600 1088 1608 1104 ‚
1640 1073 1681 1098 ut
1701 1059 1849 1098 damno

1058 1119 1106 1159 ab
1128 1119 1199 1158 hac
1228 1117 1305 1157 fera
1326 1117 1529 1157 inferendo
1550 1132 1741 1157 maturum
1758 1115 1851 1172 ipse-

1058 1191 1141 1217 met
1165 1174 1313 1216 afferret
1335 1176 1547 1216 remedium
1575 1205 1584 1221 ‚
1623 1176 1670 1215 ad
1697 1179 1851 1215 vineam

1059 1234 1247 1278 velociter
1276 1238 1440 1274 accurrit
1456 1260 1467 1277 ‚
1498 1233 1562 1274 ubi
1585 1233 1606 1274 a
1631 1233 1708 1274 fera
1728 1232 1852 1273 infeli-

1062 1297 1158 1335 citer
1176 1292 1428 1348 apprehenlus
1454 1321 1464 1337 ‚
1506 1291 1728 1337 dilaniatus,
1759 1306 1854 1331 mox

1063 1359 1105 1394 &
1121 1351 1263 1392 occisus
1288 1350 1371 1391 fuit.
1429 1349 1580 1404 Ambroſs
1599 1351 1702 1407 Episc.
1730 1353 1854 1389 Lamo-2

1064 1426 1126 1451 cen.
1130 1410 1197 1465 fi’r.
1209 1426 1241 1454 4.
1251 1410 1325 1466 pcst.
1342 1411 1436 1448 Dom.
1449 1425 1481 1453 4.
1495 1408 1669 1466 Qadfhl.
1683 1426 1759 1453 245.

1153 1471 1320 1510 Vineam
1337 1466 1452 1512 fuiffe,
1465 1467 1511 1507 ab
1524 1467 1601 1522 ipsa
1624 1469 1715 1507 DEI
1727 1469 1856 1507 omni-

1065 1529 1232 1583 potentis
1253 1542 1370 1566 manu
1385 1524 1597 1582 plantatam
1610 1555 1620 1570 ‚
1652 1525 1857 1565 totamhu-

1066 1600 1225 1626 manam
1253 1599 1428 1625 naturam
1444 1614 1454 1630 ‚
1485 1598 1617 1639 utpote
1642 1587 1680 1623 in
1703 1583 1856 1623 Paradi-

1068 1641 1106 1684 so
1122 1642 1382 1700 perfecffiffim‘e
1403 1642 1450 1682 ab
1483 1642 1550 1682 illo
1577 1656 1818 1698 procreatam
1842 1668 1856 1685 ‚

1067 1717 1188 1743 nemo
1209 1701 1263 1742 est
1285 1728 1296 1745 ‚
1333 1704 1398 1756 qui
1436 1700 1610 1741 dubitet:
1640 1714 1813 1741 attamen
1843 1730 1855 1746 ‚

1067 1761 1175 1814 quod
1207 1759 1397 1801 summum
1435 1759 1502 1815 ipsi
1524 1759 1702 1799 dolorem
1724 1757 1857 1799 affere—

1066 1818 1133 1860 bat
1152 1848 1162 1864 ‚
1199 1818 1401 1875 Expefla'vic
1414 1846 1423 1863 ,
1447 1832 1483 1857 ut
1483 1818 1609 1872 fizceret
1621 1831 1701 1857 uam
1716 1846 1725 1862 ‚
1757 1818 1856 1872 &ft-

1065 1878 1108 1916 cit
1128 1876 1281 1932 labrusca
1307 1875 1403 1916 Isaiae
1416 1891 1447 1915 c.
1463 1891 1489 1928 5.
1524 1892 1555 1916 v.
1571 1891 1600 1926 3.
1632 1874 1750 1931 ipsum
1771 1875 1854 1916 feli-

1064 1935 1250 1975 ciffimum
1266 1937 1500 1975 innocentiae
1511 1933 1648 1974 statum
1661 1964 1670 1977 ‚
1691 1949 1755 1990 pei·
1766 1950 1855 1991 pec-

1064 1997 1139 2034 cati
1163 1991 1358 2050 originalis
1379 1995 1686 2033 contraffionem
1704 2023 1713 2038 ,
1746 1992 1854 2033 mise-

1063 2051 1125 2098 re,
1153 2067 1197 2092 ac
1227 2051 1450 2108 praemature
1487 2051 1757 2107 deperdcndo:
1789 2051 1856 2091 de-

1062 2110 1232 2151 vastante
1273 2113 1456 2150 nimirum
1499 2112 1632 2150 omnia
1678 2109 1858 2150 infernali

1008 2193 1010 2195 ·
1064 2184 1178 2225 apro,
1202 2175 1276 2211 &c.
1323 2171 1373 2208 At
1402 2168 1494 2209 vero
1525 2168 1735 2208 Beatislima
1768 2172 1855 2210 Vir-

1067 2242 1119 2284 go
1141 2233 1204 2277 (ut
1243 2226 1348 2283 supra
1405 2235 1436 2277 §.
1457 2243 1480 2267 1.
1513 2227 1699 2276 vidimus)
1730 2228 1854 2267 modo

1068 2285 1241 2341 quodam
1249 2284 1519 2342 specialiflimo‚
1533 2287 1644 2325 Vinea
1653 2288 1745 2340 sabla
1757 2287 1795 2340 est
1806 2285 1857 2325 di-

1068 2344 1144 2384 letio
1154 2373 1164 2389 ‚
1192 2348 1265 2387 cui,
1275 2358 1407 2399 utpote
1419 2359 1494 2400 prae
1508 2344 1657 2398 reliquis
1675 2343 1859 2400 speciosae,

1069 2401 1168 2443 adeo
1189 2402 1258 2442 fuit
1278 2401 1410 2443 affecta
1426 2405 1571 2443 Divina
1588 2402 1784 2456 Majestas‚
1816 2417 1859 2444 ut

1071 2463 1281 2501 maximam
1298 2464 1338 2500 in
1364 2461 1403 2501 id
1419 2477 1550 2501 curam
1580 2462 1812 2517 impenderit
1845 2492 1856 2507 ,

1073 2534 1122 2559 ne
1143 2522 1325 2574 cuiquam
1340 2546 1351 2563 ‚
1382 2519 1544 2576 serpenti
1561 2519 1764 2575 pracsertim
1799 2524 1857 2560 in-

1072 2576 1226 2622 fernali,
1256 2593 1322 2634 per
1337 2593 1559 2635 peccatum,
1576 2578 1698 2619 aditus
1720 2582 1859 2620 ineam

1072 2636 1278 2692 patesceret
1308 2654 1317 2683 5
1348 2652 1393 2677 ea
1429 2651 1605 2693 propter,
1636 2638 1730 2678 dum
1750 2651 1864 2678 tarta-

1071 2710 1179 2735 reum
1204 2699 1408 2736 inimicum
1430 2695 1541 2736 omni
1563 2696 1721 2750 quidem
1742 2697 1866 2736 modo

1075 2757 1116 2794 in
1132 2754 1378 2794 idintentum
1403 2754 1669 2810 cognosceret,
1700 2755 1863 2796 ut&di-

1077 2812 1215 2853 lechim
1236 2811 1336 2852 hanc
1349 2816 1503 2854 vineam
1523 2812 1724 2852 crudeliter
1744 2813 1861 2868 depa-

1075 2870 1193 2916 scere,
1224 2885 1268 2910 ac
1281 2870 1473 2912 devastare
1486 2870 1627 2911 valeret
1641 2900 1650 2915 ‚
1669 2884 1864 2912 maturum

1075 2928 1207 2969 afferre
1219 2928 1441 2969 remedium'
1454 2944 1535 2968 non
1556 2929 1775 2974 intermifit‚
1808 2944 1864 2969 :at-

1076 3002 1150 3041 que
1163 3016 1173 3032 ,
1205 3001 1254 3025 ne
1267 2986 1455 3026 damnum
1469 2985 1516 3026 ab
1527 2986 1705 3041 originali
1716 2989 1863 3028 MARJA

1075 3057 1289 3100 pateretur,
1321 3043 1530 3097 antequam
1569 3044 1729 3085 calicem
1759 3046 1864 3101 paffi-

1074 3107 1159 3143 onis
1197 3104 1281 3141 anu
1320 3100 1564 3157 degustfiffet,
1607 3102 1655 3142 ad
1696 3117 1867 3144 amatam

1073 3160 1174 3201 hanc
1191 3163 1345 3204 vineam
1374 3159 1558 3202 velociter
1604 3165 1787 3206 accurrit,
1814 3165 1866 3201 ita

1146 3220 1178 3260 L
1197 3216 1209 3256 l
1241 3232 1258 3268 5
1755 3222 1837 3274 qui-
