2164 3413
969 87 1139 149 Index
1222 87 1317 149 Vl.

265 187 342 235 quia
379 198 520 237 magnus
553 185 599 224 ibi
631 187 808 236 expertus}
827 189 958 237 Jupiter
989 190 1122 230 dicitur.

272 239 453 287 Antiquitas
471 244 521 278 13.

226 290 282 333 36.
313 293 407 337 syrus
429 287 595 323 Persarum
606 287 681 322 Rex
688 286 808 334 gratias
824 288 892 336 agit
908 286 1126 336 praesumptu·

272 335 329 372 oso
341 336 441 372 militi
449 359 458 376 ‚
485 336 575 384 quod
594 348 713 383 magna
726 340 871 383 petendo
889 360 900 378 ,
922 336 1126 374 occasionem

274 385 468 422 exerceudae
489 385 696 421 liberalitatis
713 386 899 433 praebuerit.
943 390 1049 436 Antiq.
1064 392 1124 431 96.

225 443 281 482 37.
308 439 420 471 Dianae
432 434 582 483 Templum
592 437 626 469 in
640 432 709 469 Alia
730 435 809 471 dum
825 435 978 472 aedificari
1002 440 1101 484 coepit
1112 462 1124 479 ,

273 485 383 531 puella
397 483 535 532 speciosa
546 484 770 520 fundamentis
781 487 909 531 injecta.
942 487 1050 535 Antiq‚
1066 498 1098 523 2.

225 544 242 577 3
251 532 448 572 &eduardus
458 534 634 570 Britanniae
642 535 718 569 Rex
726 536 866 582 pretiosa
876 537 1051 583 inNuptiffs
1060 536 1122 572 suis

270 583 679 624 instituitTorneamenta,
696 586 790 627 cujus
800 584 889 622 scuto
904 585 1097 633 inscriptum
1110 600 1121 623 s

269 635 304 669 In
316 642 362 669 me
370 634 484 668 omnia.
534 634 721 682 Antiquitas
743 638 802 671 63.

220 689 279 728 39.
306 682 533 730 Epaminondas
551 681 803 719 Atheniensium
815 687 908 726 Dux,
929 685 1117 732 graviterin

267 730 423 768 conflictu
448 731 607 768 sauciatus
619 755 631 774 ,
656 733 817 778 majorem
844 734 885 769 de
918 734 1010 769 scuto
1036 733 1092 769 suo
1106 757 1115 774 ‚

266 781 368 829 quam
376 780 537 828 deseipso‚
551 781 809 818 sollicitudinem
819 785 915 831 gerit.
940 786 1045 832 Antiq.
1059 798 1117 826 99·

217 837 277 875 40.
304 829 385 868 Filia
400 842 541 867 matrem
554 833 721 868 incarcere
738 833 906 868 detentam
915 845 1030 868 exerto
1040 833 1116 868 ube-

265 892 301 917 re
316 878 483 922 sustentat,
493 881 528 916 in
536 882 628 926 cujus
637 883 683 918 rei
696 883 893 918 memoriam
907 886 971 918 Ara
983 883 1115 930 pietatis

265 930 302 966 in
313 929 518 966 eodemloco
529 932 703 968 extruitur.
763 935 942 981 Antiquitas
963 939 996 969 8.

217 987 276 1026 41.
302 977 620 1017 Flandridhorrendo
629 980 760 1017 diluvio
770 982 965 1022 inundante,
984 983 1019 1016 in
1044 981 1113 1017 col-

263 1027 368 1065 liculo
376 1029 520 1066 tenellus
529 1031 687 1078 reperitur
699 1032 826 1071 infans,
842 1033 899 1078 qui
911 1030 1052 1067 dulciter
1062 1033 1112 1066 in-

262 1078 350 1114 terea
361 1078 543 1120 dormiens,
566 1078 631 1114 fine
642 1079 715 1115 ullo
734 1081 856 1116 timore
870 1104 881 1120 ,
907 1093 944 1115 ac
960 1080 1111 1116 molestia

259 1127 454 1164 miraculose
464 1127 510 1164 est
519 1128 744 1177 prael‘ervatus.
794 1132 976 1178 Antiquitas
987 1136 1045 1174 84.

211 1185 270 1224 42.
295 1175 444 1226 §abriela
459 1189 503 1213 ex
518 1177 593 1214 aula
601 1180 737 1215 Henrici
749 1183 803 1216 lv.
816 1180 1003 1215 Galliarum
1012 1181 1112 1227 Regis

257 1225 447 1275 proscripta,
460 1225 542 1263 dum
557 1240 643 1263 nova
650 1231 753 1277 Regia
763 1229 895 1277 Sponsa,
911 1231 1018 1265 Maria
1031 1231 1111 1265 Flo·

260 1275 450 1317 rentina‚eo
464 1276 646 1315 deducitur.
696 1282 878 1328 Antiquitas
886 1292 944 1323 49.

209 1335 268 1375 43.
288 1328 321 1361 S.
327 1327 494 1376 Gregorius
508 1330 647 1376 Magnus
656 1327 808 1375 prohibet
819 1328 969 1364 Castoriu
979 1330 1005 1364 E
1009 1327 1110 1375 pisco-

253 1386 318 1423 po,
344 1374 529 1411 consectare
538 1375 732 1418 Ecclefiam,
757 1377 796 1413 εὸ
812 1376 900 1424 quod
914 1378 948 1412 in
960 1378 1109 1413 illoloco

253 1424 425 1472 putridum
445 1424 583 1462 cadaver
598 1428 778 1474 nuperrimi
807 1427 953 1463 defunsti
981 1429 1110 1473 jaceret.

255 1475 435 1523 Antiquitas
445 1485 503 1512 21.

205 1530 266 1569 44.
292 1523 488 1573 quantenus,
505 1523 663 1560 Marchio
679 1524 911 1567 Grifeldenlis,
935 1524 1011 1562 cum
1029 1538 1108 1563 con-

252 1571 465 1620 pugemsuam
482 1574 605 1610 nudam
626 1575 729 1610 domo
759 1575 991 1622 proscriberet,
1027 1578 1107 1613 talia
1140 1618 1142 1620 ¹

255 1622 356 1658 verba
365 1621 435 1659 haec
446 1623 587 1670 protulit
607 1634 616 1661 z
644 1624 737 1661 Nuda
755 1624 771 1660 e*
788 1625 880 1662 domo
893 1629 996 1674 patris
1012 1626 1106 1677 egres-

247 1671 296 1718 sa,
321 1671 406 1708 nuda
414 1671 450 1708 eo
467 1679 618 1712 revertar,
636 1673 941 1724 nifiquodindignum
961 1686 1052 1716 rear,
1069 1681 1106 1712 ut

250 1718 425 1762 hicuterus,
445 1724 475 1758 in
484 1734 545 1772 quo
554 1721 609 1770 filij
621 1718 757 1771 fuerunt
769 1746 781 1765 ,
806 1734 885 1773 quos
902 1728 937 1760 tu
946 1725 1076 1774 genuisti
1090 1747 1103 1768 ,

248 1769 363 1819 populo
378 1768 646 1820 nudusappareat.
696 1775 877 1823 Antiquitas
899 1783 945 1819 73

203 1828 266 1867 45.
292 1818 408 1855 Hetio'r
424 1819 466 1856 ab
475 1820 609 1856 Achille
627 1820 836 1864 interfectus,
853 1821 996 1870 ferisque
1006 1821 1099 1865 obje-

252 1869 335 1911 etus,
352 1869 508 1906 *aVenere
526 1869 604 1906 oleo
622 1869 780 1907 delinitur
800 1870 902 1908 erosis
918 1869 1068 1920 expresso
1086 1896 1097 1914 ,

247 1918 450 1964 cujusodore
467 1919 545 1956 fetae
556 1921 590 1954 in
605 1919 719 1968 fugam
736 1923 1005 1969 at'tae,&corpus
1022 1934 1100 1958 con.

248 1967 410 2004 servatum
419 1966 476 2004 est.
528 1972 708 2018 Antiquitas
722 1974 784 2007 66.

199 2019 261 2063 46.
281 2015 424 2053 Hercules
442 2019 613 2065 ingentem
634 2022 784 2055 Leonem
796 2017 969 2068 jugulans,
996 2018 1103 2056 detra·

247 2069 335 2103 stam
351 2066 475 2113 pellem
486 2079 548 2115 pro
560 2067 800 2115 paludamento
820 2071 985 2119 deportat.
1033 2074 1103 2106 An·

245 2120 272 2153 ti
293 2119 375 2152 uitas
420 2124 447 2153 *.

196 2178 258 2216 47.
273 2126 468 2214 quspalZiises
489 2164 614 2202 Nobiles
641 2163 686 2201 ob
710 2164 795 2202 Affis
814 2167 994 2203 condonati
1013 2178 1099 2215 prae-

244 2217 441 2262 rogativam,
452 2215 470 2250 a
482 2214 619 2262 plebeiis
628 2214 867 2254 discernuntur.
894 2220 998 2265 Antiq.
1010 2229 1066 2263 25.

195 2269 254 2312 48.
280 2266 429 2311 Hispanus
437 2263 582 2305 Grandis,
605 2264 740 2310 jubente
756 2267 865 2312 Rege,
893 2268 1099 2313 proditorem

249 2313 571 2362 hospitioexcipiens
587 2337 598 2354 ,
631 2326 671 2349 eo
686 2312 828 2351 abeunte
855 2316 1019 2352 Palatium
1043 2317 1098 2352 de-

244 2361 347 2399 struit.
396 2365 578 2411 Antiquitas
595 2369 648 2400 ιδ’.

192 2423 252 2460 49.
278 2415 428 2448 Horatius
436 2412 566 2448 Coclites
578 2416 737 2460 integram
750 2410 984 2448 Hetruscorum
994 2415 1099 2451 aciem

240 2461 328 2499 solus
346 2464 382 2497 in
411 2465 516 2497 Ponte
528 2462 675 2498 Sublicio
686 2462 825 2498 detinet.
859 2465 1031 2511 Antiq.98.

193 2522 253 2556 50.
279 2509 453 2561 Hugolinus
463 2509 659 2560 §irardescus
671 2536 683 2554 ,
696 2511 742 2547 ob
765 2512 934 2548 fortunam
949 2513 1094 2551 nimium

241 2560 358 2602 elatus,
379 2560 495 2607 paullo
511 2560 581 2607 post
590 2563 740 2608 captivus
755 2562 788 2596 in
797 2563 935 2597 Turrim
953 2565 1090 2606 coniici-

240 2621 307 2651 tur,
331 2612 423 2651 cujus
431 2611 560 2645 claviin
573 2609 697 2646 flumen
707 2610 839 2654 abjecti,
860 2610 1038 2660 misereipfi
1046 2613 1090 2650 est

237 2659 455 2709 pereundum.
504 2660 687 2709 Antiquitas
704 2669 760 2699 82.

187 2718 243 2755 51.
265 2709 368 2754 lason,
396 2709 531 2744 devictis
560 2711 701 2752 Tauris,
726 2712 764 2747 &
785 2708 893 2756 sopito
917 2710 1091 2754 Dracone,

240 2770 339 2795 aureo
347 2758 477 2795 Vellere
489 2759 624 2804 potitur.
675 2761 853 2808 Antiquitas
866 2770 922 2801 32.

190 2819 249 2856 52.
275 2807 381 2844 Indica
400 2808 540 2857 quaedam
553 2808 660 2850 Arbor,
685 2809 704 2844 a
728 2808 930 2855 serpentibus
946 2807 1034 2845 infici
1052 2811 1087 2846 in

236 2859 344 2894 radice
354 2857 471 2898 solita,
499 2858 638 2904 expulso
650 2871 707 2906 per
733 2858 910 2893 theriacam
933 2870 1083 2903 veneno,

213 2912 218 2915 “
235 2908 418 2943 foecundior
427 2906 581 2943 redditur.
633 2911 810 2956 Antiquitas
825 2914 883 2950 83.

191 2966 210 3003 5
220 2964 247 2998 3.
276 2956 478 3004 Julijsaesaris
488 2959 674 3003 Conceptio
692 2958 709 2993 a
723 2960 874 3004 Diogene
883 2967 927 2992 ex
944 2955 1084 2994 constel-

1176 201 1234 236 55.
1260 188 1343 225 Idem
1357 190 1528 226 Vectorem
1538 189 1643 233 suum,
1663 193 1778 228 exorta
1791 193 1886 241 gravi
1904 189 2079 240 tempesta-

1225 251 1257 274 te
1267 239 1435 279 timidum,
1448 238 1499 275 his
1509 243 1615 276 verbis
1625 244 1780 288 corripit:
1797 243 1848 279 Nil
1857 247 1966 279 metue!
1979 242 2076 287 Casa-

1225 299 1287 324 tem
1302 285 1400 329 vehis,
1423 288 1738 338 &fortunamipliun
1791 296 1967 341 Antiquitas
1978 298 1999 328 6
2002 306 2036 339 7.

1179 342 1239 383 56.
1271 337 1423 377 Leander,
1441 338 1482 373 ab
1497 342 1634 376 Arcturo
1650 343 1757 388 Rege,
1779 344 1830 376 cui
1859 342 1974 389 paullo
1997 353 2074 376 aure

1227 398 1392 422 venenum
1405 399 1605 434 porrexerat,
1614 391 1653 424 ad
1666 403 1779 425 necem
1791 390 1958 437 quaesitus,
1987 392 2026 425 ad
2037 390 2072 425 fi-

1222 447 1303 471 num
1320 438 1515 484 Agrippinae
1525 441 1637 486 Regiae
1650 442 1764 475 matris
1781 442 1987 487 confugiens,
2002 439 2074 487 asy-

1221 485 1293 521 lum
1307 484 1447 526 invenit,
1459 498 1497 522 ac
1513 491 1658 524 veniam.
1707 492 1887 538 Antiquitas
1902 493 1960 534 76.

1175 544 1232 581 57.
1260 537 1373 570 Lucius
1383 535 1543 579 Manlius,
1563 550 1697 586 propter
1720 536 1826 574 filium
1846 539 1933 585 apud
1949 537 2072 582 judices

1218 583 1401 625 accusatus,
1422 585 1462 620 ab
1476 588 1594 624 eodem
1613 588 1686 624 filio
1695 589 1854 636 generose
1871 588 2069 624 defenditur.

1220 635 1397 682 Antiquitas
1425 646 1481 671 ιο,

1170 687 1226 729 58.
1253 685 1399 719 Marcius
1407 683 1600 727 Coriolanus,
1618 686 1763 723 Romam
1780 685 1961 723 vastaturus
1973 710 1983 727 ,
2008 696 2069 721 oc·

1212 744 1361 767 currente
1385 735 1517 781 proptia
1539 748 1643 771 matre
1665 736 1811 784 placatur
1826 761 1836 778 ,
1859 736 1968 785 obc‘lue
1994 738 2064 779 eius

1212 783 1442 824 reverentiam,
1463 794 1531 819 tam
1550 785 1633 822 Urbi
1649 808 1660 827 ‚
1687 786 1786 834 qufam
1801 787 1931 823 civibus
1957 787 2072 834 parcit.

1218 831 1408 879 Antiquitas
1433 842 1493 878 4¹·

1169 889 1225 924 59.
1253 879 1404 916 Marulla
1420 882 1701 930 Virgointegrum
1718 883 1903 921 Turcarum
1917 883 2068 920 exercitu

1212 929 1254 965 ab
1266 934 1348 965 Arce
1361 933 1506 966 Coccina
1521 931 1649 968 fortiter
1664 934 1807 980 repellit.
1831 936 1989 982 Antt'quit.
2005 936 2063 968 26.

1163 983 1223 1016 60.
1248 978 1488 1027 Mediolanenlis
1501 980 1629 1022 Nobilis,
1638 994 1812 1019 corruente
1824 987 1933 1019 vicina
1944 985 2042 1018 Tur-ri
2053 1005 2066 1023 ,

1210 1039 1247 1063 ac
1254 1028 1392 1064 domum
1405 1053 1414 1070 ,
1442 1030 1496 1065 ubi
1506 1030 1646 1066 illecum
1657 1032 1728 1075 aliis
1737 1032 1885 1080 pluribus
1897 1043 2064 1068 convene-

1210 1090 1271 1119 rat,
1280 1077 1522 1126 conquassante,
1534 1079 1624 1127 prius
1635 1082 1831 1118 miraculose
1840 1080 2063 1121 evocatur,tic-

1210 1128 1273 1175 ciue
1283 1127 1464 1175 specialiter
1471 1129 1511 1164 ab
1519 1129 1579 1165 hac
1589 1132 1683 1166 ruina
1692 1131 1919 1179 praeservatur.
1970 1133 2064 1168 Anti·

1210 1181 1313 1225 quitas
1324 1190 1384 1222 47.

1161 1229 1219 1261 61.
1247 1226 1394 1263 Metellus
1405 1239 1573 1275 parentem
1584 1226 1677 1264 suum
1690 1228 1724 1264 in
1741 1226 1859 1276 praelio
1869 1241 2015 1277 captum,
2027 1239 2066 1267 ac

1208 1279 1279 1311 neci
1293 1277 1500 1319 tradendum,
1508 1277 1708 1314 calidiliimis
1722 1278 1884 1327 precibus,
1893 1283 1928 1317 &
1937 1279 2066 1327 lachry-

1209 1329 1274 1361 mis
1288 1325 1416 1362 liberat.
1466 1330 1645 1377 Antiquitas
1661 1341 1720 1372 93.

1159 1378 1218 1411 62.
1249 1374 1363 1411 Midas
1375 1374 1392 1411 a
1402 1377 1533 1412 Baccho
1543 1388 1660 1425 petens
1670 1401 1681 1419 ,
1703 1389 1739 1413 ut
1750 1379 1863 1413 omnia
1882 1377 1937 1414 sua
1955 1379 1990 1414 in
2002 1390 2061 1414 au·

1207 1437 1281 1461 rum
1291 1436 1469 1468 vertantur,
1483 1438 1523 1462 eo
1536 1425 1688 1469 obtento,
1696 1439 1737 1462 ne
1745 1426 1834 1463 fame
1847 1439 1957 1474 pereat
1966 1451 1976 1468 ,
2001 1429 2060 1463 de·

1210 1474 1278 1510 nuo
1290 1474 1392 1522 petit,
1420 1487 1554 1513 auream
1580 1475 1664 1513 hanc
1684 1478 1824 1526 gratiam
1847 1476 1903 1514 fibi
1931 1477 2063 1514 auferri.

1206 1527 1387 1572 Antiquitas
1403 1537 1463 1569 91·

1158 1576 1215 1614 63.
1231 1577 1382 1609 Navarra
1392 1573 1474 1624 Regij
1482 1573 1633 1623 Coniuges
1642 1574 1865 1611 Adamantem
1877 1575 2060 1624 pretioliffi.

1204 1633 1297 1658 mum
1309 1624 1343 1657 in
1352 1625 1478 1660 annulo
1487 1625 1625 1672 gestant,
1634 1626 1686 1660 cui
1704 1627 1779 1666 Sol,
1793 1629 1889 1661 Luna
1901 1630 1935 1664 Sc
1956 1626 2060 1662 stellae

1201 1671 1375 1720 insculptae
1385 1686 1498 1714 erant,
1523 1684 1600 1709 cum
1619 1672 1832 1723 inscriptione
1847 1685 1857 1709 z
1882 1674 1967 1722 simul
1976 1701 1988 1720 ,
2016 1674 2059 1720 ἒς

1193 1721 1321 1769 semper.
1370 1723 1556 1772 Antiquitas
1575 1726 1633 1760 81.

1150 1773 1209 1817 64.
1222 1768 1864 1818 Nicaeas‚Consu{Athenienfisffuvenem
1876 1772 2058 1813 formosum

1198 1819 1216 1855 ὲ
1227 1832 1353 1856 carcere
1364 1821 1517 1863 dimittit,
1540 1820 1581 1857 eo
1591 1820 1680 1869 quod
1692 1822 1868 1871 indignum
1877 1825 2036 1867 judicaret
2045 1849 2058 1868 ‚

1201 1881 1271 1906 tam
1284 1870 1493 1918 praestantem
1507 1873 1650 1907 formam
1661 1873 1696 1906 in
1711 1884 1796 1910 tetro
1805 1885 1932 1910 carcere
1947 1878 2056 1924 capti-

1200 1930 1278 1955 vam
1290 1919 1440 1958 detineri.
1491 1923 1670 1970 Antiquitas
1686 1924 1746 1968 65.

1151 1971 1209 2016 65.
1235 1972 1449 2007 Novatianum
1457 1969 1618 2019 Templum,
1637 1982 1756 2007 exorto
1767 1969 2054 2019 Constantinopo-

1198 2018 1224 2054 li
1234 2019 1399 2061 incendio,
1420 2023 1532 2055 omnia
1542 2019 1747 2063 devastante,
1771 2020 1813 2056 ab
1823 2022 2054 2069 igneillaesum

1199 2067 1354 2105 servatur.
1405 2071 1589 2118 Antiquitas
1606 2073 1662 2112 36.

1151 2119 1208 2153 66.
1226 2116 1367 2166 Nympha
1377 2131 1489 2154 cervos
1497 2117 1649 2158 insecuta,
1657 2117 1885 2165 ingruentibus
1894 2120 2051 2164 tenebris,

1196 2167 1345 2213 periculo
1355 2167 1540 2215 serpentum
1551 2190 1560 2208 ,
1585 2166 1747 2204 bufonum
1761 2171 1823 2205 διε.
1842 2169 2009 2217 expolita,
2030 2174 2049 2210 ἐι

1197 2215 1334 2258 Phoebo,
1343 2216 1548 2253 clatiffimam
1559 2215 1708 2265 sagittam
1716 2216 1797 2252 illuc
1806 2218 2048 2264 ejaculantem-

1197 2263 1337 2302 beratur.
1388 2270 1567 2316 Antiquitas
1586 2278 1646 2313 72.

1151 2317 1208 2358 67.
1235 2312 1414 2364 Nymphaea,
1437 2317 1455 2351 e*
1470 2316 1642 2364 paludibus
1663 2313 1887 2363 procrescens,
1915 2317 2046 2357 clavam

1197 2365 1351 2400 Herculis
1361 2366 1394 2400 in
1407 2365 1514 2402 radice
1524 2364 1740 2413 repraesentat,
1750 2367 1841 2407 cujus
1850 2378 1962 2404 amore
1972 2383 2048 2418 cap.

1195 2424 1228 2448 ta
1238 2413 1399 2461 Nympha
1423 2416 1459 2450 in
1485 2415 1571 2451 hunc
1592 2413 1708 2450 florem
1737 2427 1954 2454 transmutata
1988 2420 2050 2458 est.

1194 2466 1376 2511 Antiquitas
1397 2475 1455 2508 33.

1142 2515 1166 2550 6
1170 2515 1200 2553 8·
1226 2511 1376 2549 Otiavius
1383 2512 1656 2553 Balbumortem
1670 2510 1810 2560 fugiens,
1819 2515 1943 2558 audito,
1956 2517 2048 2565 quod

1188 2561 1292 2598 Filius
1303 2561 1350 2598 sui
1361 2562 1437 2597 loco
1448 2562 1483 2597 lit
1491 2561 1701 2602 occidendus,
1717 2562 1830 2609 sponte
1840 2570 2012 2604 revertitur
2027 2591 2040 2610 ‚

1187 2611 1313 2660 prociue
1331 2611 1407 2657 Filij
1423 2611 1525 2648 salute
1544 2623 1688 2647 mortem
1698 2611 1842 2649 sustinet.
1890 2619 2042 2667 Antiqui-

1190 2666 1239 2696 tas
1256 2674 1278 2704 9
1294 2671 1314 2696 ’.

1142 2713 1200 2753 69.
1225 2673 1365 2755 Perseus,
1391 2706 1473 2754 jussu
1487 2707 1647 2749 Palladis,
1683 2708 1858 2749 Medusam
1866 2712 2040 2754 terrificam

1186 2759 1370 2795 obtruncat.
1420 2761 1598 2804 Antiquitas
1616 2762 1640 2794 6
1642 2771 1675 2802 3.

1138 2817 1196 2851 70.
1224 2804 1407 2849 Pherenica,
1423 2820 1490 2843 non
1501 2806 1648 2843 obstante
1659 2807 1743 2856 lege,
1762 2820 1876 2847 contra
1885 2810 2037 2851 foeminas

1185 2857 1266 2900 lata,
1279 2856 1319 2893 de
1328 2869 1396 2893 non
1410 2855 1662 2893 interveniendo
1673 2858 1759 2895 ludis
1767 2861 1970 2909 olympicis,
1985 2877 2038 2900 ta·

1185 2918 1261 2943 rnen
1273 2907 1317 2943 ob
1337 2905 1412 2951 filij
1434 2908 1467 2942 in
1486 2907 1603 2952 iisdem
1620 2906 1706 2944 ludis
1721 2909 1951 2949 dexteritatem
1976 2913 2037 2950 ad-

1185 2958 1341 2993 mittitur.
1391 2960 1569 3005 Antiquitas
1584 2967 1641 3002 40.

236 3005 418 3041 latiotcibus
444 3005 611 3042 observata
623 3027 633 3047 ,
669 3006 703 3041 in
723 3004 812 3054 ligno
823 3005 1029 3052 Capricorni,
1046 3011 1082 3048 ὅς
1131 3013 1188 3050 7¹.
1218 3003 1375 3053 Philippus
1391 3008 1507 3047 Bonus,
1526 3006 1723 3054 Burgundiae
1738 3010 1819 3045 Dux
1831 3035 1842 3050 ,
1863 3008 2035 3047 Matronae

234 3055 330 3090 Piscis
339 3077 350 3095 ,
367 3054 409 3090 ab
417 3055 534 3091 eodem
545 3056 735 3092 declaratur.
785 3057 970 3104 Antiquitas
980 3069 1000 3092 2
1006 3069 1039 3100 3.

187 3115 248 3151 5-4.
268 3102 348 3139 Idem
388 3115 568 3140 torrentem
585 3118 769 3147 tranatans,
786 3107 1078 3143 Commentarium

235 3155 370 3202 proprisi
379 3166 479 3189 manu
500 3154 653 3202 scriptum
670 3154 811 3193 sollicite
823 3152 945 3195 salvat,
976 3168 1013 3192 ac
1023 3158 1084 3193 mi·

235 3202 326 3240 nime
340 3203 557 3241 madefactum
569 3206 703 3252 profert.
753 3206 931 3252 Antiquitas
946 3216 978 3243 ι.

1176 3053 1336 3101 elegantis
1346 3054 1632 3097 statuam,aLeone
1643 3057 2034 3107 custoditam,hospitibus

1181 3101 1401 3146 suisexhibet,
1425 3117 1499 3140 curn
1520 3104 1799 3154 hacEpigraphe:
1825 3112 1921 3145 Nemo
1936 3120 2034 3146 meam

1182 3158 1352 3190 Dominam
1363 3158 1522 3204 contingat
1546 3158 1558 3191 l
1582 3158 1763 3204 Antiquitas
1782 3170 1816 3203 7.

1131 3212 1191 3245 72.
1217 3202 1349 3241 Pindari
1365 3204 1485 3241 domus
1500 3205 1567 3242 sola
1582 3226 1592 3246 ,
1618 3203 1653 3239 in
1673 3205 1888 3243 destructione
1902 3208 2030 3244 Civica·

1939 3269 1980 3292 [18
