2164 3413
33 314 161 372 454·

55 2931 182 3002 456·

762 64 1093 158 Uonccpt'us
1148 75 1326 140 LXV.

372 209 410 260 §.
436 200 490 255 6.
530 199 830 276 Antiquitas.

242 321 493 367 ForMosVs
512 319 716 367 CarCerI
735 314 970 363 traDItVs.

210 422 572 524 TEmpuserat‚
603 433 682 474 quo
697 422 868 464 Nicaeas,
906 424 1007 474 peri-

340 479 494 520 tiffimus
513 477 807 520 Atheniensium
832 475 978 519 Consul
994 506 1005 523 ,

210 554 256 580 ac
275 537 398 579 custos
424 536 574 591 justitiae
600 537 854 578 tenacissimus
884 540 905 589 (
918 536 1008 586 'Este

211 597 413 647 Plutarcho)
438 609 588 636 certum
600 596 797 650 quendam
811 597 1006 650 juvenem,

209 653 333 714 gravis
344 653 541 710 cujusdam
557 651 702 694 sceleris
713 670 819 696 reum
831 653 1007 706 inaudijt:

210 729 329 770 quem
341 713 505 770 proinde
530 715 571 752 in
586 713 773 767 judicium
798 725 981 755 vocatum
996 739 1008 758 ,

211 789 257 814 ac
273 773 359 829 post
395 771 564 812 strictum
596 787 761 813 examen
784 801 794 818 ‚
824 769 1010 811 delicOEum

211 831 320 873 suum
356 832 494 887 jugiter
545 829 782 877 confessum,
810 832 1009 870 teterrimo

211 890 361 932 addixit
389 893 557 935 carceri,
587 896 627 931 ὃς
654 888 738 931 vilis
761 888 876 928 instar
899 902 1013 928 man·

211 951 324 1005 cipij,
359 947 408 988 eo
424 947 615 989 detrusum
634 947 887 1001 haberijuffit.
922 947 1013 986 Erat

211 1010 451 1061 caeteroquin
473 1022 557 1048 reus
598 1006 663 1046 hic
683 1009 828 1061 juvenis
869 1004 1007 1045 admo—

211 1067 308 1107 dum
324 1064 531 1111 formosus,
563 1080 607 1104 ac
627 1064 787 1106 insolita:
810 1062 1009 1117 cujusdam

210 1125 417 1167 venustatis
435 1142 442 1164 :
477 1139 595 1177 quam
617 1123 752 1179 reliqui
774 1122 874 1163 forte
898 1124 1010 1163 Con-

209 1183 331 1238 filiarij
359 1181 663 1239 conspicientes,
700 1182 748 1223 fic
780 1180 859 1222 suas
903 1180 1008 1236 apud

210 1245 390 1284 Nicaeam
420 1256 553 1298 preces
582 1244 817 1281 unanimiter
838 1242 1011 1295 interpo-

212 1301 394 1342 nebant:
434 1302 599 1341 Nicaea!
644 1300 769 1351 Judex
805 1298 1011 1353 aequiffime

211 1364 378 1417 pariter,
408 1357 746 1415 acsapientiffime!
783 1356 878 1413 quid
894 1360 972 1414 agis
999 1369 1011 1397 3·

213 1435 281 1460 cur
303 1417 490 1474 elegantis
516 1417 616 1458 adeo
644 1417 780 1474 speciei
801 1418 983 1471 juvenem
999 1441 1012 1460 ‚

214 1475 418 1533 squallenti
442 1491 593 1517 carcere
624 1475 794 1517 clausum
837 1478 1011 1515 retines?

214 1539 393 1578 Peccavit
407 1534 506 1576 forte
521 1547 531 1575 ‚²
544 1534 618 1576 Sed
627 1550 720 1575 auro
730 1532 1016 1574 dissolvendum

214 1594 360 1636 ferrum
390 1619 402 1638 ‚
437 1595 610 1650 pecunijs
636 1592 792 1634 vincula
821 1592 1015 1632 redimen-

215 1654 288 1701 da,
319 1667 445 1707 neque
465 1655 573 1693 enim
584 1652 748 1708 dignum
769 1650 882 1692 nobis
909 1650 1016 1692 vide-

216 1726 279 1754 tur
293 1741 304 1759 ,
336 1725 380 1753 ut
402 1724 511 1752 tanta
531 1710 665 1751 formae
689 1709 902 1766 elegantia,
930 1724 1015 1764 quae

217 1786 327 1813 reum
355 1769 461 1819 hunc
496 1767 797 1826 praestantiffime
823 1782 1015 1814 exornat,

217 1828 319 1871 adeo
342 1827 508 1870 obscuris
527 1830 637 1869 arstae
652 1827 835 1868 custodiae
847 1825 1018 1868 tenebris

218 1887 502 1931 abscondatur:
533 1889 654 1928 Dona
684 1901 777 1943 ergo
808 1884 945 1926 nostris
971 1884 1016 1926 il-

219 1947 302 1989 lum
337 1945 540 2004 precibus,
583 1951 624 1987 &
665 1959 784 2000 quem
811 1944 1013 1985 damnavit

219 2006 343 2062 culpae
373 2007 557 2062 gravitas,
592 2003 758 2045 formosa
780 2003 919 2059 species
947 2001 1014 2043 ab-

220 2064 360 2111 solvat!
388 2063 521 2117 Audijt
541 2065 694 2104 Nicaeas
716 2065 933 2102 amicorum
953 2065 1013 2101 in-

219 2125 529 2168 terventionem,
563 2128 603 2164 &
618 2120 670 2162 ob
682 2121 848 2161 eandem
868 2122 1012 2176 captivi

219 2180 367 2238 juvenis
384 2181 569 2237 insignem
594 2179 924 2237 pulchritudinem
947 2207 958 2224 ,
990 2177 1012 2218 ὲ

220 2255 372 2282 carcere
394 2238 504 2281 illum
521 2241 762 2295 quantocyus
780 2238 1013 2280 educicura-

1056 174 1131 215 vit,
1164 182 1210 209 ac
1234 171 1472 221 ,indemnem
1498 172 1664 230 pristinae
1688 172 1856 218 libertati

1057 227 1223 270 asseruit.

1145 289 1244 343 Qis
1253 289 1356 341 jam,
1382 287 1541 329 obsecro
1556 319 1567 335 ,
1590 290 1855 346 pulchriorem

1057 359 1230 399 unquam
1252 346 1389 387 viderit
1437 360 1654 390 creaturam
1685 380 1695 397 ,
1735 351 1855 406 quam

1057 404 1181 460 Virgo
1221 403 1334 445 fuerit
1369 406 1582 447 Beatiffima
1613 437 1624 454 ,
1668 411 1855 451 Numinis

1059 461 1274 518 dignissima
1287 476 1445 519 parens?
1475 464 1611 505 nonne
1633 466 1716 510 haec
1727 483 1774 508 ex
1786 480 1855 509 ore

1058 522 1237 576 Gregorij
1265 522 1477 569 Nicomed,
1507 527 1598 564 Orat.
1622 523 1661 563 de
1671 525 1778 565 Oblat.
1801 525 1857 567 est

1049 578 1254 634 pulchritudo
1292 581 1506 636 pulcherrima
1553 582 1803 638 pulchritudinis
1840 610 1856 631 -,

1051 636 1258 692 pulchrorum
1270 639 1574 694 omniumfitmmum
1598 656 1820 683 ornamentum
1831 643 1857 682 ,Ρ

1059 694 1195 735 nonne
1213 695 1297 736 haec
1315 696 1380 737 illa
1402 697 1606 753 pulchritudo
1631 699 1858 748 admirabilis,

1059 769 1155 809 quam
1181 754 1322 803 (Teste
1347 755 1541 795 Tuitiensi
1571 757 1703 799 nostro
1729 758 1860 800 Abba-

1060 825 1111 857 te,
1127 811 1148 851 l.
1164 826 1191 861 3.
1208 814 1249 851 in
1262 814 1379 853 Cant.
1400 819 1410 861 )
1430 813 1629 861 admiratur,
1650 817 1863 859 &collaudat

1062 870 1193 909 Author
1218 869 1278 926 ²!st
1312 871 1563 927 pulchritudines
1582 875 1608 912 ,Ρ
1645 875 1779 915 nonne
1809 875 1860 916 de

1062 931 1230 974 MARIA,
1262 928 1388 970 multo
1406 929 1548 985 magis,
1577 932 1695 985 quam
1717 934 1766 974 de
1779 934 1860 974 Est-

1063 987 1152 1027 here
1175 1003 1246 1027 c.2.
1272 1004 1305 1029 v.
1322 1003 1369 1041 15.
1401 988 1478 1028 dici
1498 990 1626 1044 potest
1645 1008 1653 1031 :
1689 993 1861 1046 Eratfora

1059 1045 1144 1101 mofit
1169 1045 1268 1086 wald&
1299 1075 1309 1092 ,
1352 1055 1390 1089 ὠ·
1411 1046 1587 1087 incredibili
1603 1048 1861 1105 pulchritudine,

1059 1105 1199 1143 omnium
1221 1105 1317 1144 oculis
1329 1105 1483 1161 gratiofit,
1496 1113 1559 1148 &a
1580 1108 1604 1146 ?
1634 1107 1682 1147 de
1695 1122 1769 1162 qua
1784 1107 1862 1165 ipse

1059 1166 1177 1203 etiam
1195 1163 1373 1204 Coelestis
1396 1163 1559 1219 Sponsus
1592 1165 1862 1208 testimonium

1060 1220 1262 1278 perhibet,
1292 1222 1445 1262 dicens:
1478 1223 1564 1262 'Ena
1571 1224 1705 1280 pulchra
1731 1242 1763 1265 es
1779 1227 1863 1265 ami-

1061 1296 1099 1320 ca
1119 1296 1189 1319 mea
1204 1309 1214 1325 ,
1249 1287 1287 1323 &¹
1307 1281 1436 1320 macula
1456 1296 1518 1319 non
1542 1283 1581 1335 est
1602 1283 1634 1321 in
1653 1298 1693 1322 te.
1721 1287 1757 1325 Si
1770 1284 1864 1342 ergo

1062 1339 1270 1395 indignum
1307 1338 1540 1380 aestimarunt
1567 1341 1821 1383 Athenienses
1854 1372 1866 1390 ‚

1062 1396 1489 1452 formosumjuvenem,
1523 1398 1698 1452 quamvis
1724 1415 1867 1457 praeva-

1062 1459 1269 1497 ricatorem
1288 1485 1298 1501 ,
1327 1459 1469 1496 carceri
1494 1457 1592 1497 tradi
1616 1487 1626 1503 ‚
1657 1473 1741 1499 non
1763 1460 1870 1501 certe

1067 1515 1245 1558 decebit,
1276 1528 1319 1554 ut
1345 1545 1355 1560 ‚
1399 1530 1464 1571 per
1501 1518 1708 1557 minimam
1750 1522 1869 1560 etiam

1067 1577 1251 1630 temporis
1275 1573 1518 1629 particulam,
1550 1578 1701 1630 captiva
1725 1575 1862 1618 satanae

1065 1634 1242 1674 credatur
1254 1636 1377 1689 Virgo
1391 1663 1400 1678 ,
1432 1646 1517 1686 quae
1536 1647 1604 1672 tota
1620 1634 1758 1689 pulchra
1777 1665 1788 1681 ‚
1819 1650 1866 1676 ac

1055 1692 1217 1748 fhrmostz,
1250 1690 1388 1731 nullius
1409 1705 1580 1745 unquam
1605 1692 1791 1740 maculae,
1821 1708 1868 1736 ac

1065 1753 1390 1808 praevaricationis
1414 1752 1603 1806 particeps
1619 1749 1697 1791 fuit.

1207 1872 1248 1924 ὃ.
1265 1880 1316 1933 7.
1349 1865 1712 1939 Anagramrna.

1146 1959 1284 2006 ECCe
1305 1991 1321 2015 ,
1355 1961 1566 2019 parItVra
1592 1962 1785 2021 AgnVM

1384 2031 1430 2074 D
1453 2039 1477 2070 E
1501 2028 1543 2074 I!

1062 2114 1120 2154 En
1122 2116 1272 2171 paritura
1283 2132 1314 2155 es
1325 2118 1458 2171 Agnum
1470 2113 1534 2153 Dei
1542 2142 1553 2159 ,
1578 2117 1605 2153 0
1622 2112 1833 2154 immaculata
1846 2114 1860 2154 .'

1291 2174 1424 2217 Verlio
1446 2171 1617 2213 litteralis

1063 2234 1144 2273 Ave
1154 2233 1290 2278 Maria,
1300 2231 1415 2290 gratio?
1422 2232 1532 2290 plena,
1551 2230 1710 2272 Dominus
1728 2244 1846 2273 tecum.

410 2537 562 2617 De)
591 2533 968 2641 Concepta
1044 2525 1256 2610 Sacra
1341 2524 1678 2632 Deipara.

533 2682 1164 2763 CONCERTU
1187 2679 1230 2746 S
1319 2676 1587 2748 LXVI.

429 2848 468 2900 ᾗ.
495 2853 531 2890 Ι.
569 2838 826 2910 Scriptura.

263 2929 484 2981 ILLIbata
506 2935 703 2994 Delpara
718 2966 733 2989 ,
769 2935 986 2981 LILIVM

471 3004 595 3049 Inter
620 3001 782 3064 spInas.

232 3091 347 3133 Cant.
370 3104 402 3129 c.
418 3106 446 3128 2.
469 3104 502 3130 v.
518 3105 546 3128 z.
578 3089 663 3128 Sicut
673 3089 795 3130 Lilium
807 3089 887 3131 inter
888 3087 993 3146 spinos
1007 3115 1020 3135 ,

284 3148 331 3204 fic
340 3148 443 3191 amica
464 3164 535 3192 mea
556 3147 637 3188 inter
647 3147 758 3202 Elia,

1210 2802 1278 2840 On
1301 2797 1456 2840 imerito
1471 2800 1629 2856 quidem
1653 2829 1662 2845 ‚
1692 2800 1810 2841 Sacris
1826 2801 1868 2842 in

1072 2810 1203 2941 N
1240 2860 1433 2904 Canticis,
1465 2859 1623 2900 dilectus
1640 2857 1869 2898 Paradisisu-

1239 2929 1413 2971 premam
1438 2921 1571 2958 amicae
1591 2946 1601 2963 ,
1636 2931 1679 2956 ac
1712 2915 1866 2972 Sponsae

1066 2969 1141 3014 suae
1179 2977 1383 3029 puritatem
1418 2974 1653 3019 demiratur,
1686 2973 1803 3030 inque
1820 2974 1867 3015 εὲὶ

1068 3031 1216 3073 1umme
1237 3031 1466 3080 delectatus,
1502 3032 1734 3075 suaveolenti
1757 3032 1866 3073 illam

1071 3090 1174 3131 Lilio
1202 3094 1419 3147 componit,
1446 3092 1467 3132 ὲ
1493 3099 1658 3133 cruentis
1676 3090 1865 3147 spinarum

1072 3147 1211 3191 aculeis
1226 3163 1418 3206 prognato
1430 3178 1440 3195 ,
1468 3150 1671 3208 gratiffima
1684 3164 1774 3190 cum
1782 3164 1863 3189 mea

1233 3210 1237 3212 ⁴
1702 3207 1842 3262 tapho⁴⁴

1880 2017 2000 2073 4550
