2164 3413
726 73 1048 157 Conceptus
1102 75 1287 138 LXIII.

196 174 278 216 nis,
309 174 381 213 ritu
405 184 581 228 peragere
600 168 757 211 vellent.
831 170 880 210 Et
894 166 981 209 sane

193 228 337 284 placuit
351 233 499 287 Superis
528 232 632 284 pium
653 226 875 284 promissum
895 253 906 270 ‚
937 242 981 266 ac

194 288 446 329 Beatiffimam
467 289 651 328 Numinis
673 289 915 328 Genitricem
939 288 981 324 in

194 345 417 388 miserorum
450 348 594 387 civium
624 348 803 401 pertraxit
832 343 981 383 subsidi-

194 419 260 444 um
277 421 290 451 3
320 403 528 446 Enimvero
543 432 553 448 ,
581 406 644 443 vix
661 417 797 445 votum
809 401 979 447 emisere,

194 465 305 509 cum,
337 461 500 504 ceffinte
535 460 647 501 omni
681 463 863 516 contagio
888 489 898 506 ,
930 459 980 499 ab

193 520 365 562 ulteriori
386 519 557 577 periculo
578 522 727 576 penitus
751 519 853 560 fuere
871 517 979 559 abso-

193 578 276 619 luti.
337 581 469 621 Crevit
485 579 591 632 jam,
622 593 668 618 ex
702 578 765 618 die
783 576 874 623 illa,
905 577 978 616 fin-

193 637 330 693 gularis
350 636 440 693 erga
460 640 662 693 Virginem
684 636 759 677 sine
772 634 857 676 labe
882 650 978 675 con-

192 710 346 751 ceptam
373 696 553 741 devotio,
581 693 754 749 quamvls
774 697 881 735 enim
903 697 978 749 pri-

192 768 277 794 mus
315 754 472 808 jamjam
505 752 854 794 Mediolanenfium
887 754 980 792 Dux

190 810 340 852 summo
361 811 505 867 semper
528 825 660 851 amore
680 825 768 868 erga
794 812 980 851 immacu-

191 869 308 911 latam
330 873 508 926 Deiparae
531 872 847 926 Conceptionem
873 883 980 909 exar-

188 927 293 975 strit,
324 943 438 983 atque
455 928 504 968 ad
526 928 838 968 exhortationem
853 929 980 983 Magi-

188 986 252 1027 stri
275 990 375 1028 Petri
397 987 446 1027 de
471 985 624 1028 Candia
648 1014 658 1031 ‚
689 988 768 1039 jam
797 998 887 1026 ante
914 986 980 1025 ad-

185 1060 319 1101 eptum
330 1048 527 1086 Ducatum
539 1073 549 1090 ,
580 1047 751 1085 Matrem
765 1043 975 1084 misericor-

185 1105 259 1144 diae
283 1103 527 1144 devotissimis
547 1102 764 1157 frequenter
784 1101 977 1159 precibus,

188 1178 254 1219 per
271 1162 415 1202 dictum
437 1161 676 1202 Sanstiffimae
694 1163 976 1217 Conceptionis

187 1220 453 1277 privilegium,
485 1222 665 1260 invocate
700 1218 936 1261 consueverit
964 1249 975 1265 ‚

187 1286 199 1328 (
213 1293 253 1320 ut
264 1282 406 1319 mirum
420 1277 538 1320 videri
550 1293 633 1319 non
649 1276 787 1319 debeat
797 1307 806 1324 ‚
816 1277 877 1320 vel
887 1277 977 1318 ideo

187 1339 341 1378 Petrum
366 1336 496 1383 hunc,
528 1337 576 1376 ad
607 1335 742 1376 summi
772 1336 978 1377 Pontifica-

186 1397 244 1437 tfis
257 1399 425 1453 apicem,
456 1395 575 1451 ipsum
589 1394 681 1435 vero
693 1395 741 1435 ad
758 1397 880 1436 Ducis
892 1397 978 1436 Me-

188 1453 424 1495 diolanensis
447 1453 702 1510 dignitatem,
731 1452 860 1509 paullo
893 1452 978 1509 post

1685 93 1774 153 215

1216 219 1257 271 ς..
1272 224 1316 277 5.
1350 210 1626 289 Symbolum.

1030 310 1334 371 HeLIotropII
1365 345 1379 368 ‚
1416 314 1490 358 aD
1515 315 1651 359 SoLIs
1686 315 1775 362 Iter
1797 348 1813 369 ,

1211 383 1330 428 MIra
1350 384 1630 430 ConversIo.

187 1516 339 1555 eveems
351 1511 480 1561 fuisse)
526 1525 657 1552 tamen
680 1512 783 1553 disto
802 1526 867 1567 pes
893 1515 981 1554 Vir,
1038 1556 1045 1562 κ

188 1576 321 1627 ginem
357 1570 547 1610 beneficio
568 1599 577 1614 ‚
611 1572 685 1610 toti
710 1571 869 1611 Civitati
889 1571 976 1610 Me-

187 1629 400 1670 diolanensi
428 1642 603 1684 tempore
637 1626 748 1684 pestis
779 1627 975 1673 exhibito,

189 1689 348 1729 devotio
373 1687 478 1733 haec,
510 1690 646 1742 ingens
686 1700 752 1742 per
772 1700 897 1727 totam
921 1690 977 1728 vi⁴

189 1750 333 1787 ciniam
374 1743 523 1800 sumpsit
554 1749 846 1786 incrementum.
892 1746 995 1785 Per:

188 1804 321 1846 nardin.
341 1802 378 1842 de
391 1804 583 1853 BustiSerm.
595 1819 626 1848 9.
638 1799 677 1842 de
688 1804 824 1859 concept.
899 1802 977 1844 Ubi

189 1861 372 1920 praeterea
411 1859 628 1902 notandum
656 1889 665 1906 ‚
696 1859 855 1901 diversas
895 1874 975 1902 tam

192 1921 322 1966 Italiae,
353 1919 471 1975 quam
494 1918 688 1975 Hispaniae
706 1921 890 1960 Civitates
911 1948 921 1965 ,
953 1916 976 1959 a

189 1978 365 2037 pestifera
395 1977 455 2018 lue
476 1977 644 2017 fimiliter
661 1977 856 2023 liberatas,
879 1992 975 2018 voto

188 2039 290 2080 facto
302 2068 312 2084 ‚
345 2034 481 2090 majori
496 2035 713 2076 celebritate
724 2035 976 2092 supradictum

190 2098 473 2152 Conceptionis
507 2094 658 2135 Festum
681 2094 896 2151 peragendi.
930 2110 977 2134 ex

188 2156 325 2211 quibus
348 2156 488 2195 Genua
513 2156 631 2194 Anno
662 2168 742 2207 157
757 2169 786 2205 9.
821 2153 977 2193 Floren-

188 2218 251 2257 tiae
270 2217 387 2255 Anno
410 2228 422 2251 1
439 2218 486 2262 63
501 2227 528 2261 3.
560 2213 706 2252 Civitas
737 2210 887 2252 Huesca
908 2215 975 2251 Ar-

188 2276 355 2330 ragoniae
381 2273 497 2311 Anno
520 2287 532 2310 1
550 2284 604 2322 45
618 2286 652 2310 o.
682 2271 826 2310 Civitas
849 2270 976 2310 Messi-

189 2348 239 2373 na
250 2335 367 2372 Anno
385 2345 397 2368 1
413 2336 433 2370 6
448 2344 462 2381 5
476 2345 508 2368 o.
538 2343 582 2367 ac
598 2327 805 2383 specialiter
816 2330 946 2369 Roma
962 2357 973 2373 ,

189 2405 365 2446 tempore
395 2386 601 2428 Alexandri
625 2387 685 2427 VI
703 2387 728 2425 1.
749 2389 839 2426 cum
867 2390 974 2427 enim

188 2454 228 2490 in
249 2446 389 2503 Vigilia
407 2445 577 2499 ejusdem
605 2443 720 2489 Festi,
749 2443 862 2484 multi
891 2459 972 2485 tam

190 2505 395 2562 Religioni,
422 2502 538 2558 quam
562 2502 771 2547 seculares,
801 2504 970 2548 orando,

188 2582 232 2606 ac
249 2563 455 2620 jejunando
469 2561 664 2618 purillimae
675 2564 843 2616 Virginis
856 2576 974 2617 opem

188 2620 450 2679 implorassent
464 2651 474 2667 ,
507 2619 617 2676 pestis
664 2618 866 2659 confestim
909 2619 974 2659 de-

190 2682 376 2722 crescere,
407 2678 546 2735 perfilue
559 2677 847 2717 immaculatam
872 2677 974 2717 hanc

191 2742 299 2781 DEI
328 2741 569 2779 Genitticem
593 2765 602 2782 ‚
648 2735 777 2792 paullo
809 2734 892 2791 post
924 2751 970 2776 ex

191 2813 279 2840 toto
304 2795 439 2836 cess'are
460 2795 533 2837 visa
574 2794 636 2834 est.
669 2808 709 2835 ut
746 2793 886 2834 merito
917 2794 971 2834 al-

190 2857 325 2899 tefatus
345 2853 486 2895 Christi
506 2857 545 2892 in
565 2856 669 2893 terris
689 2855 859 2895 Vicarius
870 2880 880 2898 ‚
914 2854 970 2892 in-

190 2913 318 2957 stituta
340 2911 484 2952 solenni
497 2911 732 2951 Proceffione
753 2911 801 2952 ad
821 2914 853 2952 S.
870 2912 970 2951 MA.

190 2975 327 3016 RIAM
337 2975 376 3009 in
388 2972 551 3014 Porticu,
569 2969 686 3010 talem
699 2969 968 3010 liberationem

187 3029 444 3092 potentiffimo
474 3030 628 3068 MARIAE
670 3028 810 3068 auxilio
842 3041 967 3083 gratus·

242 3086 482 3144 adscripserit.
517 3086 615 3124 Dz'ar.
640 3087 791 3126 Marian.
811 3086 914 3126 Fran-

444 3144 511 3198 cg'sci
542 3142 725 3197 ‘Nlmchesn

1023 1611 1096 1641 Solis
1112 1610 1222 1639 amicus
1238 1616 1293 1648 ego
1309 1627 1315 1639 ,
1337 1617 1486 1637 convertor
1502 1608 1607 1646 semper
1621 1608 1656 1637 ad
1672 1607 1753 1637 istum
1769 1625 1777 1636 ι

1066 1653 1149 1682 Hunc
1157 1651 1263 1690 sequor,
1275 1650 1308 1677 ad
1327 1659 1433 1678 metam
1446 1651 1587 1678 tendimus
1599 1650 1688 1678 ambo
1697 1659 1800 1687 parem.

1023 1693 1090 1723 Solis
1108 1695 1203 1723 amica
1220 1700 1317 1729 parens
1331 1693 1438 1720 Divina·
1454 1711 1461 1723 ,
1477 1692 1580 1728 semper
1594 1691 1629 1719 ad
1648 1692 1731 1720 istum

1068 1736 1211 1767 Vertitur.-
1236 1733 1310 1760 Hinc
1321 1733 1463 1761 maculam
1480 1732 1564 1761 nescit
1574 1741 1690 1772 uterque
1703 1741 1812 1770 parem.

1119 1796 1161 1825 Ad
1173 1804 1216 1824 me
1230 1790 1363 1830 converfia
1371 1795 1438 1831 ejus.
1481 1791 1565 1819 Cant.
1585 1799 1607 1817 c.
1623 1799 1682 1824 7=v.
1697 1800 1738 1820 ιο,

1184 1901 1220 1950 §.
1247 1890 1299 1943 6.
1340 1889 1636 1963 Antiquitas.

1097 2004 1310 2058 MeDVsa
1345 2002 1574 2052 tertIfICa
1593 2037 1607 2061 ‚
1660 2003 1743 2052 ob-

1291 2077 1538 2123 trVnCata.

1018 2189 1020 2192 -
1117 2160 1242 2202 Erseus
1261 2189 1270 2204 ,
1301 2156 1595 2215 generosiffimus
1633 2160 1787 2208 Juvenis
1801 2184 1812 2202 ,

1140 2224 1229 2260 cum
1251 2217 1479 2258 mandatum
1500 2214 1685 2256 &Pallade
1708 2230 1816 2255 acce-

1027 2277 1133 2335 pisset
1155 2309 1165 2325 ,
1194 2292 1234 2319 ut
1267 2277 1477 2317 viiiditstam
1499 2275 1546 2314 de
1568 2272 1731 2314 Medusa
1754 2273 1810 2314 su-

1026 2352 1147 2378 meret
1162 2367 1171 2383 ,
1201 2334 1366 2390 eoquod
1382 2333 1565 2389 plurimos
1587 2331 1650 2372 illa
1680 2332 1810 2373 homi-

1025 2411 1111 2441 nes,
1142 2410 1228 2436 eam
1252 2392 1491 2449 aspicientes,
1519 2389 1809 2432 coxivertissetin

1021 2455 1187 2510 lapides,
1217 2467 1310 2493 mox
1323 2465 1546 2507 promptum
1556 2448 1704 2503 adjussa
1718 2478 1728 2495 ,
1762 2449 1808 2489 li-

1023 2513 1086 2553 cet
1121 2513 1255 2557 ardua,
1287 2509 1356 2550 sese
1382 2509 1573 2550 exhibuit:
1611 2511 1672 2548 cui
1702 2507 1806 2548 hunc

1024 2575 1063 2611 in
1077 2571 1195 2611 finem
1225 2572 1438 2611 Mercurius
1464 2567 1537 2624 ipse
1559 2565 1734 2612 Talaria,
1766 2573 1807 2609 ὅτ,

1023 2630 1207 2671 falcatum
1226 2627 1354 2669 ensem
1386 2625 1637 2683 suppeditavit
1653 2653 1663 2670 ‚
1694 2624 1808 2665 Pluto

1025 2689 1215 2732 Galeam,
1247 2686 1368 2727 Pallas
1388 2684 1576 2742 AEgidem
1613 2698 1684 2724 aere
1706 2681 1806 2724 adeo

1023 2747 1263 2804 splendidam
1294 2743 1585 2785 subministravit
1604 2771 1615 2788 ‚
1645 2755 1686 2782 ut
1702 2743 1806 2782 Gor-

1020 2811 1180 2863 goniam
1192 2804 1330 2844 faciem
1352 2800 1640 2859 polletimpuiie
1667 2798 1807 2854 aspice-

1021 2882 1071 2906 re.
1131 2862 1246 2904 Hisce
1274 2875 1365 2916 ergo
1396 2859 1555 2900 confisus
1586 2859 1808 2900 Numinum

1020 2928 1131 2964 armis
1150 2952 1159 2967 ‚
1196 2935 1279 2960 non
1314 2918 1502 2960 dubitavit
1528 2945 1539 2963 ,
1569 2914 1737 2956 Medusae
1764 2920 1806 2957 in

1018 2980 1216 3023 occursum
1251 2976 1456 3033 procedere
1477 3003 1487 3020 ,
1520 2989 1636 3029 quam
1655 2972 1676 3013 a
1694 2987 1804 3031 tergo

1022 3038 1194 3080 animme
1231 3035 1399 3079 adorsus,
1437 3048 1552 3089 caput
1568 3032 1622 3072 illi
1655 3031 1804 3073 validifi

1022 3100 1115 3139 fimo
1132 3103 1278 3153 impetu
1315 3095 1553 3150 amputavit,
1585 3089 1756 3146 illudQue
1787 3122 1800 3139 ‚

1662 3163 1769 3189 com-

1834 362 1957 422 439·

1833 2015 1970 2071 440·
