2164 3413
945 72 1356 150 ffl†g.33g

593 1024 637 1075 {35:55
650 1062 668 1072 -,

469 1080 472 1090 ⁴
501 971 638 1140 ,3555
694 1086 698 1090 ⁴
666 1021 1127 1138 deConceptione
1149 1089 1225 1122 tua
1250 1066 1473 1136 purissima
1489 1072 1733 1131 institutus,
1753 1074 1833 1120 nisi
1850 1072 2069 1122 in‘ITeve..

334 1177 343 1184 -›
498 1137 643 1193 255·ss
629 1139 634 1142 ἴ
666 1145 692 1179 τί
740 1160 971 1192 neraretur
991 1149 1223 1208 Reginam
1243 1145 1369 1191 illam
1389 1139 1716 1200 feliciffimam,
1745 1159 1842 1207 quae
1867 1141 2063 1211 astitit
2034 1161 2068 1192 a

224 1210 399 1263 dextris
423 1216 643 1274 Principis
662 1214 842 1278 gloriae,
865 1219 1063 1277 potentis
1084 1218 1131 1262 in
1155 1215 1347 1277 proeli0‚
1383 1215 1583 1261 Domini
1606 1217 1861 1268 virtutum,
1904 1229 1956 1262 m
1981 1231 2068 1263 ve-

223 1280 332 1350 stitu
350 1279 579 1332 deaurato
601 1287 783 1333 Divinae
807 1285 1073 1338 charitatis,
1122 1279 1524 1337 CJrCVMDasa
1560 1279 1806 1334 Varletate
1853 1287 2067 1349 omnige-

223 1370 390 1402 narum
424 1355 695 1419 gratiarum:
724 1370 919 1418 quarum
951 1355 1186 1402 consortio
1218 1355 1506 1402 annumerari
1538 1356 1697 1417 utique
1729 1354 1855 1401 illam
1883 1370 2065 1417 oportet

223 1429 412 1489 gratiam
428 1458 443 1477 ,
482 1439 580 1487 quae
606 1438 657 1470 ut
673 1428 891 1472 omnium
913 1428 1054 1486 prima
1084 1424 1161 1485 (in
1183 1424 1277 1486 ipso
1297 1439 1465 1485 nempe
1491 1420 1834 1485 auspicatiffimae
1855 1429 2066 1487 Concep-

224 1497 363 1542 tionis
388 1490 496 1542 ‘Tua
521 1493 703 1540 instanti
724 1494 740 1555 )
766 1497 825 1542 ita
846 1494 899 1541 ad
920 1495 1109 1558 reliquas
1139 1509 1304 1542 omnes
1331 1493 1535 1540 fimiliter
1559 1493 1853 1556 suscipiendas
1870 1490 1940 1541 Ἷὲ
1969 1495 2066 1574 dig

220 1580 328 1613 nam
351 1562 530 1611 reddere
548 1577 750 1625 poterat,
779 1572 826 1612 ὃς
845 1563 1050 1612 debebat.
1137 1569 1381 1613 Vereretur
1402 1578 1529 1611 meus
1553 1562 1627 1611 hic
1645 1566 1834 1628 exiguus
1860 1562 1990 1611 labor
2015 1568 2064 1612 in

220 1633 451 1697 publicam
474 1633 652 1696 prodire
681 1636 834 1684 lucem
852 1666 867 1692 ,
915 1635 999 1682 nis1
1025 1634 1153 1681 sciret
1172 1665 1187 1692 ,
1235 1628 1504 1682 Mulierem
1533 1626 1603 1680 'Te
1630 1634 1790 1690 illam,
1825 1634 1927 1681 luce
1970 1636 2065 1697 ple

220 1702 478 1756 niffimam,
512 1705 564 1750 in
581 1701 706 1752 Sacra
729 1701 1001 1767 Apocalypsi
1027 1720 1121 1766 cap.
1147 1718 1209 1751 12.
1235 1718 1278 1752 v.
1303 1718 1336 1751 1.
1381 1702 1503 1751 haud
1537 1698 1726 1751 obscure
1755 1704 2065 1766 praemonstra-

220 1786 339 1826 tam,
378 1789 462 1820 nec
486 1774 620 1821 aliam
640 1773 703 1821 ob
722 1778 952 1822 rationem
980 1772 1068 1836 (ex
1088 1762 1250 1822 mellea
1268 1776 1378 1836 Apis
1402 1773 1564 1821 nostra:
1595 1775 1760 1822 Clarev
1765 1773 1936 1821 allensis
1964 1772 2064 1822 sen-

221 1849 334 1892 tenti
340 1860 362 1890 a
390 1878 404 1901 ‚
438 1838 586 1908 srm.
598 1839 758 1911 sper:
801 1841 996 1917 Szgnptm
1021 1860 1252 1912 magnum
1280 1842 1299 1907 )
1341 1841 1570 1891 ammam
1603 1837 1735 1896 Sole,
1776 1841 1914 1907 quam
1926 1853 2061 1911 prop-

220 1922 291 1961 ter
324 1910 501 1979 peccati
535 1909 854 1962 omnimodam
895 1913 1262 1962 zmmunimtem.
1369 1916 1462 1976 Qi
1495 1913 1688 1975 proinde
1728 1913 2062 1975 incomparabi

221 1985 272 2031 lis
297 1982 509 2045 splendor
534 1972 694 2037 Tuus,
734 1998 784 2031 ut
820 1981 876 2031 eo
903 1982 1046 2048 magis
1074 1988 1085 2030 i
1094 1983 1305 2032 {lucescat
1324 1982 1571 2040 omnibus,
1608 1986 1730 2030 viam
1750 1979 1931 2031 fortasse
1961 2000 2063 2046 ape..

220 2055 305 2101 rire
326 2066 541 2114 poterunt
561 2054 669 2101 folia
690 2053 816 2106 haec,
854 2051 1093 2116 praeclariss
1084 2069 1225 2102 mam
1247 2055 1635 2117 praeservationem
1657 2048 1821 2100 ‘sitam
1842 2054 2062 2116 multipli-

221 2126 331 2171 citer
354 2123 638 2183 explicantia.
710 2128 955 2171 Vereretur
975 2123 1161 2171 tandem
1176 2157 1192 2181 ‚
1240 2129 1287 2172 O
1306 2127 1629 2172 Creaturarum
1652 2125 1871 2170 omnium
1892 2121 2062 2172 Purissi-

221 2207 321 2249 ma,
354 2208 407 2239 ac
426 2189 702 2240 Beatisl'ima!
735 2208 998 2254 comparere
1026 2191 1162 2240 Liber
1187 2192 1262 2241 hic
1284 2209 1443 2250 meus,
1479 2209 1580 2240 non
1604 2189 1716 2240 adeo
1752 2190 1776 2240 a
1801 2193 1979 2242 mendis
2009 2194 2062 2241 li-

219 2260 324 2320 ber,
357 2275 464 2310 ante
489 2262 787 2324 conspeCmm
812 2257 1004 2319 Tuum,
1043 2259 1211 2316 Libri,
1260 2266 1395 2311 omni
1425 2277 1675 2310 momento
1704 2260 1728 2310 *a
1752 2263 1928 2311 mendis
1960 2267 2062 2328 qui-

221 2331 489 2395 buscunque
510 2331 756 2385 liberrimi,
809 2335 1005 2380 LIBRI
1041 2333 1630 2382 GENERATIONIS
1653 2367 1667 2390 ‚
1702 2330 1775 2380 sed
1798 2349 1896 2380 non
1925 2333 2061 2383 simul

220 2404 548 2464 corruptionis,
587 2402 669 2449 nisi
688 2401 906 2463 speraret,
944 2402 998 2450 ad
1019 2403 1292 2456 utilitatem,
1327 2411 1374 2451 &
1394 2403 1649 2465 profatum
1671 2402 1963 2466 quorundam
1980 2404 2061 2453 sal-

225 2485 322 2520 tem
346 2471 625 2520 devotorum
656 2467 872 2520 ‘Tnorum
893 2488 993 2520 non
1023 2468 1204 2520 modice
1228 2474 1592 2530 conduCturum,
1631 2473 1662 2519 fi
1683 2476 2060 2535 Conceptionem

223 2539 389 2589 ‘Tuam
414 2541 512 2603 ipsis
531 2540 741 2590 exhibeat
761 2556 981 2605 tanquam
1002 2536 1230 2595 Librum,
1267 2546 1315 2590 in
1341 2559 1436 2606 quo
1469 2557 1569 2591 non
1597 2545 1757 2590 mortis
1775 2575 1790 2595 ,
1840 2541 1914 2591 sed
1944 2560 2059 2593 verae

223 2614 363 2668 Vitae,
395 2627 495 2658 non
521 2607 785 2660 communis
804 2614 998 2673 peccati,
1034 2611 1106 2659 sed
1126 2613 1416 2674 plenitudinis
1441 2614 1613 2675 gratiae,
1649 2628 1748 2660 non
1766 2612 1932 2661 Adami
1950 2631 2059 2676 prae-

223 2684 478 2729 varicatoris
495 2714 510 2734 ‚
548 2680 622 2730 sed
651 2683 802 2732 aeterni
831 2685 969 2729 Patris
989 2680 1310 2745 praeservatoris
1334 2684 1481 2746 legere
1507 2679 1668 2744 poffint
1700 2681 1983 2731 characteres.

330 2795 548 2861 Scripsere
572 2796 784 2862 quidem,
821 2800 868 2850 O
897 2793 1169 2869 Beatisfima
1197 2794 1373 2868 Virgo!
1416 2801 1592 2863 antiqui
1620 2800 1760 2847 nostri
1789 2801 2057 2864 Protoplasti

220 2869 389 2932 grande
405 2872 709 2932 generationis
726 2870 935 2918 humana:
955 2871 1215 2926 Volumen;
1253 2868 1325 2915 sed
1343 2870 1474 2916 tardis
1495 2868 1694 2917 omnino
1715 2871 1920 2919 ductibus
1933 2906 1948 2925 ,
1969 2888 2055 2920 nec

220 2937 314 2984 fine
334 2938 537 2998 mendis,
575 2953 711 3003 atque
735 2939 983 2987 erroribus:
1009 2938 1115 3008 Jesse
1137 2938 1363 2987 Davidem
1386 2935 1576 3001 scripsit,
1607 2938 1679 2987 sed
1703 2941 1924 2989 adulterio
1942 2943 2054 2988 infa-

219 3021 382 3054 mem:
429 3009 580 3056 David
612 3011 909 3058 Salomonem
935 3044 950 3068 ,
995 3009 1069 3057 sed
1102 3009 1223 3057 Fidei
1252 3007 1561 3056 desertorem:
1616 3010 1834 3058 Salomon
1866 3009 2053 3058 Roboa-

218 3091 389 3134 mum,
427 3076 502 3124 sed
533 3081 899 3142 imprudentem:
937 3078 1096 3127 Achaz
1128 3077 1404 3136 Ezechiam,
1442 3077 1513 3126 sed
1545 3079 1901 3143 jactabundum:
1940 3086 2052 3128 Eze-

219 3145 338 3195 chias
369 3145 618 3207 Manassen,
656 3148 729 3198 sed
748 3147 1006 3198 crudelem:
1040 3146 1308 3211 scripserunt
1329 3150 1400 3196 alii
1422 3165 1589 3197 errores
1611 3152 1748 3206 alios,
1783 3153 1923 3198 aureis
1950 3153 2053 3212 qui-

1943 3220 2048 3268 dem
