2164 3413
133 813 264 872 680.

132 1429 198 1461 Lut.

220 1438 241 1458 1.

129 1479 156 1497 v.
168 1479 216 1505 34.

209 1567 256 1595 35·

283 1437 285 1439 ’
301 1426 528 1468 mirabunda
560 1427 782 1492 respondit:

460 392 613 470 De>
697 387 1068 494 Concepta

317 213 1920 244 ⁵³==2÷÷33÷÷÷3÷÷÷2223÷÷÷÷3333355232

367 240 427 256 3:
464 237 1919 255 oooooooooooooooooooooooooooooo

417 243 1942 319 ·⁸”wffiwwffiffiffiwffififfiffissffiffifflffiffffi·ffiffffiffiff&ffi&ff

1126 386 1333 464 Sacra
1415 386 1743 491 Deipara.

532 544 779 611 CON
802 537 1226 611 CEPTUS
1319 535 1647 605 XCVIII.

501 702 540 755 §
568 708 603 744 Ι.
652 695 907 767 Scriptura.

301 787 542 832 Generatlo
580 790 707 834 DEI
737 821 752 840 ,
809 789 1085 850 praeserVans

451 854 665 917 eraM
653 873 675 904 a
698 861 932 919 peCCato.

300 940 412 998 Epist.
425 946 482 993 Jo.
497 957 531 982 c.
548 957 574 995 5.
589 959 622 983 v.
638 947 688 984 18.
720 945 919 1000 Nonpeccat
936 960 943 984 t
959 942 1085 1000 sedge-

358 1001 478 1040 neratio
499 1002 535 1039 D
545 1003 580 1039 E
591 1004 619 1040 I
629 1001 792 1056 confimat
802 1018 870 1042 eum
882 1031 893 1048 ,
925 1009 962 1044 &¹
973 1004 1087 1058 malig-

357 1074 417 1099 nus
431 1069 492 1098 non
503 1060 606 1115 tangit
626 1075 704 1099 eum.

427 1141 506 1178 Um
546 1135 703 1176 audiss'et
749 1135 799 1176 ab
843 1134 1088 1192 Archangelo

454 1197 621 1239 MARIA,
650 1194 880 1250 dignitatern
900 1196 1087 1234 Materni-

453 1256 538 1293 tatis
564 1252 706 1293 Christi
730 1252 796 1292 sibi
825 1251 1049 1293 reservatam
1073 1281 1083 1297 ‚

301 1318 341 1354 ὅτ,
358 1311 567 1351 secuturam
599 1326 645 1350 ex
671 1310 751 1367 ipsa
772 1312 1004 1367 generationem
1034 1310 1083 1352 [ὲ-

299 1369 435 1410 cundae
456 1373 496 1408 in
514 1372 669 1410 Deitate
689 1370 880 1412 Personae,
912 1384 1005 1409 mox
1017 1369 1082 1409 td

822 1427 983 1486 Qomodo
1022 1427 1083 1493 fiet

301 1485 407 1541 istud,
436 1487 583 1542 quoniam
618 1487 727 1526 ‘virum
744 1502 805 1525 non
820 1486 976 1550 cognosco.
974 1486 994 1513 Ρ
1021 1489 1083 1526 cui

297 1547 428 1601 paucis
446 1543 609 1600 reposuit
632 1544 822 1601 Angelus:
857 1545 991 1600 Spiritus
1003 1549 1084 1583 San-

299 1603 366 1643 Hus
382 1602 619 1673 fitper‘veniet'
607 1618 641 1642 m
659 1616 712 1646 te,
728 1612 793 1645 (rc.
822 1607 1084 1645 Veruntamen

297 1661 455 1716 quaestio
466 1659 530 1700 hic
555 1675 635 1700 non
655 1664 791 1717 exigua
811 1665 948 1701 oritur:
982 1660 1084 1701 unde

298 1719 387 1760 scire
398 1722 565 1776 potuerit
585 1718 765 1765 Gabriel,
797 1722 976 1786 Spiritum
993 1722 1084 1760 San-

299 1781 403 1818 &um
422 1777 735 1833 superventurum
747 1775 840 1818 effe
829 1793 871 1819 in
882 1779 1078 1818 MAR1AM.
1072 1789 1082 1807 ³

296 1851 387 1877 cum
404 1849 492 1876 eum
511 1834 757 1876 solummodo
791 1838 831 1876 in
862 1835 980 1876 finem
997 1835 1083 1876 mis-

296 1893 353 1936 sus
364 1893 533 1935 videatur
541 1893 720 1951 Angelus,
743 1907 784 1935 ut
794 1898 891 1935 tanti
901 1896 1082 1937 MARIAM

298 1952 469 2008 Mysterij
490 1981 500 1998 ,
525 1952 699 2009 generandi
736 1952 877 1993 scilicet
907 1955 948 1993 in
975 1956 1081 1995 terris

299 2011 419 2054 Verbi
468 2012 605 2051 Divini
646 2010 821 2052 redderet
866 2014 1077 2053 certiorem.

296 2069 399 2110 unde
419 2082 547 2109 autem
572 2068 740 2109 didicisse
758 2082 934 2125 putamus
953 2072 1081 2127 Ange-

297 2127 378 2168 lum
394 2153 405 2171 ,
433 2127 541 2182 quod
552 2126 786 2168 descensurus
807 2126 946 2168 ess‘etin
963 2130 1080 2184 ipstm

297 2189 454 2243 Spiritus
465 2187 638 2227 Sanetus.
632 2198 644 2220 >-
671 2185 846 2226 Profecto
858 2201 939 2228 non
959 2186 1079 2227 aliun-

295 2245 346 2284 de
368 2243 530 2300 idipsum
552 2242 720 2284 didicisse
731 2243 928 2290 existimo,
949 2244 1078 2299 quam,

295 2302 403 2357 quod
428 2317 514 2343 eam
525 2315 566 2342 ut
576 2304 744 2342 Matrem
767 2304 858 2343 DEI
871 2301 1051 2346 salutabat
1066 2333 1075 2350 ‚

293 2375 408 2416 atque
436 2360 513 2401 hoc
524 2358 629 2417 ipso
618 2376 639 2400 a
652 2363 788 2416 Spiritu
801 2363 938 2402 Sanffto
955 2361 1076 2402 nulla-

292 2422 403 2459 tenus
412 2419 571 2460 diffitam
578 2417 643 2458 sibi
653 2417 908 2474 persuadebat.
968 2422 1076 2461 Con-

293 2480 419 2533 cipere
454 2477 616 2533 proinde
648 2476 813 2517 debebat
836 2479 1002 2521 Mum,
1033 2493 1075 2519 ut

295 2537 452 2575 DEch
466 2549 655 2591 generaret:
686 2533 788 2591 Ergo
813 2535 1075 2584 (concluden-

295 2608 333 2634 te
359 2595 533 2649 Angelo)
566 2596 718 2649 Spiritus
734 2596 885 2634 Sanetus
897 2608 975 2634 erat
987 2609 1075 2635 cum

293 2652 346 2692 ei.
407 2654 515 2692 Hinc
526 2658 567 2694 ὅτ.
584 2666 658 2708 ego
669 2651 836 2693 fimiliter
853 2652 968 2692 auslm
982 2668 1076 2693 con-

293 2710 465 2751 cludere:
495 2712 662 2766 Concipi
684 2711 1074 2766 oportebatMARmM

295 2772 336 2808 in
361 2773 489 2808 matris
510 2771 631 2809 Annae
652 2781 760 2809 utero
774 2798 785 2816 ,
825 2783 867 2810 ut
891 2767 955 2809 suo
977 2782 1074 2809 tem

295 2841 387 2881 pore
409 2828 565 2865 DEuM
578 2841 764 2883 generaret:
796 2829 898 2884 Ergo
919 2830 1073 2882 Spiritus

294 2887 448 2925 Sanetus
470 2898 551 2925 erat
579 2888 619 2925 in
651 2884 715 2929 ea,
746 2901 878 2942 puram
918 2885 1023 2925 illam
1049 2885 1070 2926 ὲ

290 2957 451 2997 peccato
470 2943 702 2998 prteservans.
759 2945 840 2983 Non
845 2957 955 3000 peccat
977 2944 1068 2999 ergo

292 3002 494 3046 Maxim,
525 3004 564 3040 in
585 3001 737 3041 instanti
755 3004 1034 3057 Conceptionis
1055 3028 1066 3046 ‚

282 3057 341 3113 fid
351 3060 510 3114 generatio
532 3061 629 3100 DEI
643 3059 805 3114 conserwat
827 3076 896 3099 eam
928 3059 1067 3114 absque

290 3115 375 3155 labe
388 3144 399 3161 ,
431 3124 467 3157 (J
482 3117 636 3172 malignus
667 3117 871 3158 hominum
892 3121 1066 3158 inimicus

289 3189 349 3214 non
367 3175 469 3230 tangit
487 3189 565 3214 eam.
623 3175 739 3217 Porro
750 3178 927 3216 MAR1AM
941 3205 950 3220 ,
983 3176 1066 3232 dig-

1137 675 1325 716 niffimam
1352 673 1470 716 Verbi
1497 676 1632 715 Divini
1648 675 1838 718 Matr,em
1869 688 1930 712 non

1129 731 1261 789 peccaffi
1290 732 1546 788 originaliter,
1577 730 1638 772 sed
1659 746 1793 787 puram
1809 746 1929 786 apec-

1134 805 1246 836 cat0‚
1277 805 1323 830 ex
1340 791 1384 831 ea
1397 791 1626 846 potiffimum
1640 795 1807 835 ratione,
1834 804 1929 845 prae-

1134 848 1316 890 servatam
1338 847 1467 889 fuiffiz·
1458 875 1469 894 ,
1509 851 1597 904 quia
1619 850 1781 903 generatio
1802 849 1926 892 DEI,

1134 922 1204 963 pro
1220 906 1472 947 redimendo
1465 922 1502 946 in
1527 909 1631 947 terris
1649 906 1842 951 homine,
1871 903 1926 944 illi

1137 965 1258 1006 fuerat
1284 965 1524 1005 comittenda
1540 993 1551 1010 ,
1603 977 1715 1018 atque
1736 963 1856 1008 adeo,
1888 965 1927 1002 in

1138 1023 1350 1079 primordio
1377 1022 1446 1063 suae
1483 1025 1787 1087 Conceptionis‚
1819 1035 1925 1082 pror

1137 1084 1195 1122 sus
1220 1081 1507 1123 immaculatam
1524 1080 1652 1123 sume,
1683 1083 1834 1120 vixuon
1851 1077 1926 1134 ipsa

1137 1143 1333 1181 Sacrarum
1354 1141 1582 1180 Litterarum
1615 1141 1736 1194 prima
1757 1137 1924 1179 vocabu-

1135 1198 1172 1238 la
1191 1198 1239 1238 ad
1261 1196 1416 1238 oculum
1440 1196 1699 1238 demonstrare
1737 1196 1923 1245 videntur.

1141 1259 1238 1296 Non
1265 1255 1379 1297 semel
1403 1259 1508 1296 enim
1538 1254 1835 1296 admirabundus
1859 1268 1924 1294 ex-

1136 1315 1264 1370 pendi,
1295 1318 1474 1370 Spiritum
1486 1316 1677 1360 Sannum,
1693 1312 1821 1369 inipso
1842 1328 1923 1353 cre-

1136 1387 1283 1413 atarum
1298 1387 1422 1412 rerum
1432 1375 1642 1437 principio,
1663 1387 1737 1427 prae
1753 1370 1919 1425 reliquis,

1136 1446 1244 1485 aquae
1261 1430 1496 1471 elementum
1533 1430 1600 1470 fibi
1634 1434 1673 1469 in
1701 1429 1919 1471 vehiculum

1135 1488 1386 1529 consecrasse:
1430 1489 1563 1552 Spiritus
1593 1488 1724 1528 Domini
1752 1487 1956 1542 serebatur
1933 1484 2001 1510 Gen.
2016 1491 2039 1510 ¹·

1125 1548 1221 1603 super
1235 1564 1343 1603 aquas.
1372 1546 1433 1588 ubi
1447 1560 1628 1588 notanter
1643 1546 1798 1593 adverti,
1819 1548 1919 1601 prius
1935 1533 1958 1553 v.
1974 1534 1998 1552 ²

1133 1608 1328 1646 nominari
1369 1606 1519 1662 Spiritum
1571 1606 1720 1645 santium
1740 1631 1750 1648 ‚
1802 1618 1921 1658 quam

1132 1680 1288 1720 aquarum
1329 1679 1475 1704 nomen
1515 1678 1618 1704 aures
1655 1662 1779 1703 feriat.
1819 1662 1921 1703 unde

1132 1737 1224 1778 ergo
1253 1728 1263 1773 (
1283 1722 1330 1762 fic
1342 1737 1496 1762 mecum
1516 1720 1791 1771 discurrebam)
1817 1733 1923 1761 tanta

1133 1783 1237 1845 aquis
1265 1780 1420 1823 advenit
1448 1779 1693 1825 excellentia,
1728 1793 1768 1820 ut
1787 1782 1921 1819 omnia

1132 1841 1231 1879 inter
1254 1852 1378 1880 creata
1393 1865 1404 1883 ,
1429 1841 1470 1878 in
1494 1838 1602 1895 ipfius
1626 1836 1752 1879 statim
1781 1839 1918 1878 Numi-

1131 1899 1189 1937 nis
1202 1895 1402 1938 assumatur
1415 1896 1634 1938 vehiculum
1646 1908 1656 1936 .>
1688 1895 1841 1937 carebat
1851 1896 1917 1936 ad-

1131 1955 1206 1996 huc
1228 1955 1385 1997 Coelum
1425 1953 1617 1996 stellarum
1638 1955 1748 2008 radiis
1769 1970 1776 1993 :
1817 1968 1914 1995 terra

1131 2016 1344 2055 etianiniim
1359 2013 1533 2055 informis
1545 2041 1555 2057 ‚
1578 2013 1768 2054 inviiibilis
1779 2042 1788 2059 ‚
1806 2018 1846 2055 &
1857 2016 1914 2052 in-

1131 2073 1341 2128 compofita
1355 2101 1365 2119 ‚
1397 2087 1479 2112 non
1491 2071 1672 2114 vernabat
1683 2071 1819 2112 Horum
1831 2071 1914 2128 pul-

1131 2130 1371 2177 chritudine,
1401 2130 1589 2171 fructuum
1636 2130 1829 2172 ubertate,
1872 2135 1912 2171 &.

1129 2189 1241 2231 viridi
1264 2188 1442 2231 arborum
1465 2202 1622 2229 ornatu:
1654 2196 1717 2229 ae'r
1739 2186 1912 2228 tenebra-

1128 2262 1212 2288 rum
1230 2247 1412 2288 denfitate
1444 2246 1668 2288 ostendebat
1690 2247 1876 2288 tristitiam
1898 2263 1906 2285 z

1128 2305 1220 2346 dum
1241 2304 1336 2346 solus
1358 2309 1512 2346 interim
1533 2305 1659 2360 liquor
1672 2304 1910 2347 vectaculum

1126 2365 1241 2405 DEO
1271 2363 1498 2417 subijciebat.
1561 2379 1628 2404 cur
1655 2378 1745 2420 ergo
1776 2377 1872 2417 aqua
1898 2391 1908 2406 ‚

1125 2436 1198 2462 nec
1220 2426 1502 2477 perminimum
1523 2421 1685 2467 instans,
1717 2423 1807 2462 DEI
1819 2436 1912 2476 pra:-

1124 2479 1241 2522 stnria
1253 2480 1426 2521 carebat?
1448 2481 1518 2522 Sed
1532 2480 1725 2520 audiamus
1737 2482 1909 2519 Leonem

1125 2540 1281 2594 Papam,
1309 2554 1378 2594 pro
1403 2555 1441 2579 re
1463 2538 1588 2579 nostra
1608 2538 1740 2578 melius
1768 2536 1909 2576 intelli-

1125 2596 1278 2652 gendei,
1309 2597 1356 2637 lic
1392 2596 1661 2638 discurrentem
1686 2613 1694 2636 1
1728 2596 1906 2651 Originem,
1922 2623 2004 2651 Sem
2018 2634 2040 2657 ς

1126 2668 1250 2710 inquit
1264 2655 1327 2695 ille
1343 2682 1353 2699 ‚
1384 2672 1477 2712 quam
1491 2654 1621 2711 fitmpfit
1644 2656 1675 2693 in
1686 2668 1771 2692 utero
1780 2629 1905 2709 &Virgi
1920 2663 1966 2691 de
1962 2665 2062 2699 Nam.

1124 2728 1196 2759 nos,
1219 2713 1322 2770 pofitit
1356 2715 1388 2753 in
1408 2715 1502 2768 sonte
1533 2713 1746 2768 Baptismate'f
1771 2727 1782 2749 :
1819 2711 1906 2750 dedit

1123 2787 1228 2827 aquae,
1254 2771 1339 2828 quod
1353 2772 1438 2811 dedit
1456 2772 1589 2816 Matri,
1620 2771 1726 2810 virtus
1738 2771 1817 2809 enim
1837 2771 1903 2809 Al„

1122 2831 1245 2885 njfimi,
1282 2838 1320 2872 ἐς·
1358 2829 1549 2869 obumbratio
1589 2829 1725 2883 Spiritus
1759 2830 1864 2867 sanfh'
1890 2857 1901 2873 ,

1122 2903 1186 2943 quae
1198 2889 1280 2942 fecit
1296 2917 1306 2933 ‚
1335 2902 1370 2927 ut
1390 2890 1440 2926 M
1447 2889 1488 2925 A
1494 2889 1566 2942 RI
1570 2889 1610 2925 A
1623 2899 1751 2942 pareret
1781 2887 1900 2925 Salva-

1118 2959 1226 2990 torem,
1256 2944 1363 2985 eadem
1373 2945 1473 2999 fecit,
1499 2959 1534 2984 ut
1553 2959 1708 3000 regeneret
1729 2943 1814 2982 unda
1834 2960 1899 2983 cre-

1117 3002 1248 3042 dentem.
1308 3002 1473 3057 Idipsum
1503 3004 1681 3044 Caesarius
1703 3001 1898 3042 Arelaten-

1118 3061 1158 3100 fis
1186 3060 1243 3100 his
1273 3060 1394 3100 verbis
1424 3061 1657 3101 confirmat:
1701 3063 1785 3098 Ecce
1816 3075 1896 3099 nunc
1912 3068 2032 3105 Home.

1109 3118 1381 3174 peregrinantibus
1408 3133 1528 3158 naturae
1551 3119 1668 3174 legibus
1688 3147 1698 3164 ,
1731 3119 1896 3156 innumerae

1108 3188 1167 3231 per
1188 3191 1306 3216 omnem
1323 3191 1440 3216 terram
1464 3176 1679 3216 multitudines
1707 3174 1744 3215 de
1751 3175 1816 3230 fhlo
1823 3173 1895 3228 sinu

1772 3235 1873 3286 sontis
