2164 3413
53 749 143 804 151.

737 94 1062 182 Conceptus
1116 97 1283 159 ΧΧΙΙ.

174 199 238 251 qui
251 194 378 237 forma
395 194 553 241 munda,
570 194 625 236 est
652 194 778 236 forma
792 196 969 252 perfecta,

178 254 384 301 &nobilis,
413 253 675 307 &subjeetum
686 254 936 296 immundum
961 283 972 301 ,

178 312 233 352 est
246 311 451 367 subjectum
461 311 726 368 imperfectum
735 341 746 358 ‚
770 318 811 354 &
821 313 974 370 ignobi-

180 370 226 410 le.
286 373 390 428 Ergo
407 370 533 412 forma
543 369 689 411 munda
702 374 836 426 nequit
863 372 975 412 educi

179 428 201 468 ὲ
226 428 390 484 subjecto
430 428 636 469 immundo
649 457 659 474 ,
700 427 976 484 consequenter

182 502 255 527 nec
267 487 380 530 Filius
393 486 558 529 mundus
570 485 685 533 nasci,
698 503 745 528 ex
756 490 883 530 Matre
903 492 976 529 im-

181 545 341 593 munda,

395 649 434 701 ς.
451 656 503 711 4.
538 642 770 714 IIistoria.

184 754 300 798 PVra
320 749 534 808 Delpara,
569 745 626 794 ab
636 748 835 794 VLCere
849 750 978 795 Mor-

398 814 512 863 boso
534 815 767 864 leerans.

288 904 429 958 Empus
441 915 540 945 erat,
568 916 647 956 quo
669 899 889 958 contagioss⁴
908 915 976 956 per

299 964 462 1001 Terram
483 960 697 1001 Modoetiae
715 959 817 1006 11165,
846 960 975 1002 &dira

184 1018 296 1076 pestis
307 1018 533 1076 grafiabatur
544 1048 554 1065 ,
607 1017 725 1074 utc'lue
736 1017 882 1059 malum
897 1017 975 1058 hoc

185 1077 234 1117 ab
246 1093 324 1118 uno
335 1076 571 1134 migraretad
592 1077 731 1123 alium,
753 1077 950 1118 contaetus
966 1104 977 1121 ,

185 1142 226 1178 &
238 1139 379 1180 vicinia
387 1135 630 1177 iufficiebant:
643 1149 685 1176 ut
696 1148 978 1192 propagaretur,

184 1194 267 1235 satis
280 1208 359 1235 erat
374 1224 383 1240 ‚
415 1192 575 1235 infectos
596 1209 687 1235 cum
708 1197 865 1251 integris
886 1193 979 1234 libe-

185 1255 273 1297 rius,
293 1269 338 1294 ac
353 1252 529 1293 licentius
553 1267 674 1310 agere.
734 1250 895 1296 Vidisses
916 1251 980 1292 hic

186 1311 302 1355 certe,
323 1310 530 1369 progressus
547 1327 614 1368 per
628 1311 791 1353 Urbium
808 1310 949 1368 plateas
970 1338 981 1357 ,

187 1369 365 1411 obseratis
379 1374 419 1411 in
428 1371 581 1416 aedibus‚
604 1374 703 1412 cives
720 1369 823 1411 velut
833 1385 982 1410 carcere

187 1428 331 1470 clausos
348 1447 355 1469 :
370 1428 516 1470 vidisses
527 1429 654 1472 tristia,
680 1428 799 1484 eadue
809 1428 987 1483 frequen-

189 1488 323 1528 tiffima
341 1487 472 1528 funera
495 1517 504 1533 ‚
558 1488 633 1527 sine
661 1486 773 1527 omni
798 1491 987 1527 comitatu

187 1545 335 1603 prolata
350 1562 357 1584 :
371 1545 518 1587 vidiffes
526 1545 783 1602 Templorum
796 1546 909 1601 adyta
925 1548 989 1585 vix

187 1619 272 1646 non
287 1620 405 1646 vacua
415 1632 425 1648 ,
441 1611 481 1647 &
492 1603 646 1650 deserta,
670 1604 891 1646 Sacerdotes
902 1617 992 1644 cau*

190 1677 262 1709 tos,
286 1678 330 1704 ac
340 1662 531 1709 sollicitos,
546 1666 658 1704 Sacra
669 1677 856 1719 perpauca
868 1692 878 1708 ,
900 1664 990 1703 Mu-

190 1722 309 1762 ficum
320 1736 557 1775 concentum
573 1720 735 1767 nullum,
758 1724 853 1762 Dies
866 1719 991 1762 solen-

193 1784 320 1821 niores
329 1783 392 1822 vix
404 1780 550 1835 aliquos
561 1808 572 1826 ,
595 1782 689 1834 quin
705 1779 755 1820 ne
772 1779 894 1836 plebis
907 1783 990 1835 qui-

194 1839 286 1879 dem
299 1853 562 1884 conventum,
593 1838 642 1878 ad
663 1836 898 1894 placandum
924 1854 991 1894 per

192 1912 284 1940 vota
300 1924 310 1941 ,
345 1904 385 1940 &
419 1896 723 1953 Supplicationes
757 1911 988 1937 communes

191 1958 375 2002 DEUM,
415 1959 506 1996 cum
528 1969 658 1996 tamen
673 1968 842 1996 extrema
860 1955 899 1995 id
922 1969 990 2010 po-

191 2014 291 2055 scere
305 2015 495 2056 neceffitas
510 2014 708 2055 videretur.
770 2016 896 2068 Atque
917 2016 989 2053 uti-

193 2079 306 2114 nam!
333 2073 450 2128 quam
466 2071 568 2113 facili
590 2075 750 2128 negotio
771 2071 853 2111 haec
878 2070 991 2112 diffu-

193 2132 228 2173 sa
239 2132 310 2173 fuit
322 2135 526 2188 contagio,
558 2145 637 2171 tam
666 2128 769 2171 facili
788 2134 905 2170 etiam
934 2145 990 2170 re-

196 2191 329 2232 medio
341 2194 461 2231 curari
474 2188 650 2247 potuiffet
666 2195 673 2228 !
706 2189 780 2230 Sed
791 2203 872 2229 rara
886 2204 992 2245 pror-

194 2249 250 2291 ius
280 2249 350 2290 fuit
378 2248 493 2289 semel
538 2248 765 2288 infectorum
796 2246 991 2288 restitutio.

196 2310 290 2350 Hoc
306 2308 433 2348 alieno
446 2322 505 2348 tot
523 2306 689 2348 millium
709 2306 864 2346 edoctus
886 2305 965 2346 fato
981 2332 992 2349 ²

198 2370 255 2409 vir
266 2368 436 2422 quidam,
468 2369 533 2421 qui
546 2364 670 2421 &ipse
685 2363 868 2404 morboso
889 2363 922 2404 ie
939 2363 995 2405 ul-

199 2442 285 2466 cere
302 2424 487 2466 infechim
500 2423 684 2464 sentiebat
695 2452 705 2469 ‚
738 2422 786 2462 de
799 2421 877 2463 alio
889 2438 996 2479 pror-

197 2487 259 2526 sus
282 2484 455 2524 remedio
481 2486 644 2539 cogitat,
683 2495 819 2535 atque,
842 2495 882 2521 ut
900 2480 995 2521 sem-

202 2554 268 2598 per
287 2540 675 2598 ergaimmaculatam
698 2554 798 2595 purae
818 2541 998 2595 Deiparae

203 2602 519 2656 Conceptionem
544 2614 623 2640 erat
649 2597 866 2639 admodum
881 2597 999 2638 devo-

205 2671 286 2702 tus,
316 2659 364 2699 ad
390 2663 493 2715 piam
524 2658 626 2699 hanc
650 2660 818 2698 Matrem
838 2670 999 2696 conver-

207 2715 262 2756 sus
271 2745 282 2761 ,
325 2718 502 2771 Ejusdem
514 2716 728 2773 suppliciter
741 2713 923 2770 implorat
934 2730 1000 2755 au-

209 2774 356 2820 xilium,
382 2778 566 2829 quatenus
588 2777 772 2815 nimirum
786 2802 794 2818 ‚
814 2772 863 2813 ad
882 2772 1001 2828 glori-

210 2848 275 2874 am
285 2832 353 2873 suae
368 2834 621 2874 Sacratiffimae
647 2835 928 2887 Conceptionis
952 2839 962 2880 (
976 2830 1002 2873 ss

212 2905 343 2932 tamen
362 2891 411 2931 ad
424 2895 562 2931 animae
581 2890 651 2932 suae
670 2890 826 2932 salutem
839 2890 878 2930 id
888 2888 998 2939 eilet)

212 2949 235 2991 ὲ
251 2948 460 3006 periculoso
475 2949 551 2990 hoc
566 2948 692 2990 ulcere
704 2965 793 2990 eum
812 2947 1000 2994 liberaret,

211 3023 330 3064 quem
357 3008 508 3048 medica
536 3006 625 3048 alias
652 3023 787 3048 manus
812 3006 1004 3048 restituere

214 3065 415 3108 difficulter
431 3063 560 3122 posset.
623 3065 828 3108 Obtulerat
845 3069 1002 3107 MARIAE

213 3126 278 3167 has
290 3141 418 3182 preces
427 3155 437 3170 ‚
465 3131 506 3166 ὃς
518 3123 760 3180 gratiffirnam
778 3123 1002 3164 immacula-

212 3199 259 3226 tae
271 3186 553 3241 Conceptionis
563 3186 793 3224 memoriam
829 3181 970 3238 vesperi
991 3208 1003 3226 ,

1713 109 1781 170 73

1022 211 1066 236 ac
1079 193 1210 251 plenus
1220 191 1324 234 filiali
1336 189 1487 237 fiducia,
1496 189 1707 231 dormitum
1720 202 1816 229 con·

1023 251 1311 299 cedens‚dulces
1321 254 1361 291 in
1369 249 1524 291 somnos
1536 247 1758 289 solvebatur:
1774 252 1816 288 ὃς

1025 328 1116 353 ecce
1137 317 1145 353 !
1176 308 1348 366 lequenti
1366 324 1506 352 mane,
1546 309 1715 363 Virginis
1741 304 1814 344 illi-

1027 370 1124 411 batae
1150 370 1349 426 precibus,
1396 367 1419 409 a
1458 364 1668 410 morboso,
1707 361 1816 417 quod

1024 427 1253 469 sustentabat
1264 457 1274 474 ,
1283 426 1409 468 ulcere
1419 453 1429 470 2
1467 419 1684 477 cunCtolque
1718 422 1816 476 peri-

1026 487 1115 527 culo
1127 486 1290 527 liberum
1302 486 1335 526 ie
1346 485 1503 542 reperit,
1535 479 1646 523 omni*
1667 478 1815 533 reliquo

1027 547 1114 587 vitae
1125 558 1300 601 tempore
1322 573 1332 590 ‚
1364 556 1511 600 gratam
1542 540 1640 581 tanti
1674 540 1818 593 recepti

1027 603 1204 657 beneficij
1229 605 1484 646 memoriam,
1527 613 1571 639 ac
1591 596 1819 655 singularem

1026 664 1195 718 Virginis
1235 661 1311 700 sine
1344 659 1429 700 labe
1463 655 1610 699 cultum
1640 657 1819 696 retinens.

1025 719 1224 767 Dernardin,
1237 718 1276 758 de
1301 718 1398 773 Basti.
1404 718 1499 774 serm.
1512 733 1544 762 9.
1561 715 1599 757 de
1612 719 1754 771 Concept-

1222 816 1262 881 ᾗ.
1284 827 1327 880 5.
1349 809 1627 887 Symbolum.

1108 939 1326 985 aLVeare
1354 936 1552 983 DVLCe
1575 933 1739 980 nIMIs.

1043 2158 1093 2187 Nil
1103 2159 1152 2190 nifi
1170 2161 1251 2190 dulce
1260 2162 1441 2200 sapitDomus
1452 2162 1519 2193 haec,
1532 2162 1600 2191 nihil
1611 2159 1686 2190 inuis
1697 2166 1843 2193 amatum}

1084 2202 1209 2231 Reddere
1218 2214 1313 2232 amara
1331 2214 1420 2234 etiam
1432 2206 1537 2233 dulcia,
1559 2205 1638 2233 novit
1649 2204 1725 2241 Apis.

1043 2243 1120 2281 Qld
1136 2246 1354 2282 Concepmiapi:
1372 2248 1481 2275 Domus
1498 2250 1609 2274 Aurea?
1636 2246 1676 2273 nil
1689 2244 1737 2272 niti
1747 2242 1839 2277 dulce:

1085 2286 1188 2314 Reddit
1205 2297 1333 2315 amarum
1343 2297 1398 2316 vae
1408 2289 1503 2316 dulce.
1525 2288 1645 2315 Parentis
1667 2291 1741 2314 Ave.

1126 2346 1224 2386 ἐξιὼν)
1258 2356 1362 2382 magna
1406 2347 1558 2376 multitudo
1594 2347 1747 2375 dulcedinis
1779 2356 1840 2376 tua·

1043 2388 1171 2425 Ps21.230.
1187 2399 1211 2416 v.
1228 2397 1278 2417 κο.

1207 2483 1247 2535 ἕ.
1273 2475 1326 2527 6.
1360 2473 1659 2548 Antiquitas.

1083 2585 1230 2635 Thebe
1252 2580 1533 2641 DestrVCta,
1556 2587 1810 2632 AEDesPIn-

1232 2660 1347 2704 Darl
1369 2655 1676 2705 ConserVata.

1142 2763 1309 2805 Ertinaci
1322 2762 1436 2819 plane
1452 2760 1674 2808 resistentia,
1694 2763 1846 2818 Magno

1172 2823 1373 2878 quondam
1402 2821 1625 2863 Alexandro
1655 2820 1846 2861 Thebana

1050 2883 1197 2924 Civitas
1218 2881 1287 2922 sele
1310 2879 1486 2937 opposuit
1507 2908 1517 2923 ‚
1549 2880 1651 2933 cujus
1677 2877 1847 2934 inexspe-

1052 2939 1369 2981 statarebellione
1385 2969 1395 2985 ,
1418 2938 1556 2979 intime
1585 2936 1846 2982 contristatus,

1052 3012 1166 3053 atque
1192 2998 1435 3043 exacerbatus
1473 3000 1582 3041 Rex,
1624 2993 1785 3035 tandem
1806 2998 1847 3035 in

1053 3057 1242 3098 mandatis
1260 3056 1377 3102 dedit,
1408 3070 1448 3095 ut
1457 3053 1585 3110 ampla
1595 3053 1676 3094 haec
1690 3055 1847 3097 Civitas,

1052 3114 1121 3155 suis
1136 3114 1158 3155 a
1174 3114 1378 3157 militibus,
1400 3114 1476 3153 fine
1488 3112 1565 3153 ulla
1577 3111 1846 3158 misericordia,

1055 3173 1326 3219 destrueretur,
1361 3187 1404 3212 ac
1418 3175 1458 3211 in
1469 3170 1642 3228 pulveres
1665 3170 1814 3211 redacta
1834 3200 1845 3216 ‚

1132 3233 1166 3271 K
1750 3227 1831 3267 solo

1875 936 1981 991 152.

1888 2608 1993 2664 153.
