2164 3413
51 329 76 355 e.
87 330 112 355 7.
122 332 146 350 v.
160 329 183 349 ι.

50 2372 174 2426 520.

732 100 1053 184 Conceptus
1130 102 1230 166 LX
1235 100 1363 177 X‘v‘,

214 208 435 251 perpetuam
456 194 527 236 effe
556 195 734 236 militiam
748 225 757 242 ,
787 199 868 251 quis
887 200 997 252 igno-

219 265 297 292 rat?
341 253 495 293 testatur
528 259 656 308 utique
679 254 773 295 illud
805 258 998 311 patientiae

219 313 398 367 Princeps
409 311 548 362 Jobus,
579 313 672 352 dum
697 317 776 353 ait:
809 313 942 353 ‘Militia
960 312 1000 365 est

220 370 294 409 ‘vita
319 369 450 408 hominii
470 369 566 425 fitper
590 385 719 410 terram.
750 386 841 411 nam
872 369 997 426 primo

219 427 337 467 habet
357 426 621 474 intrinsecum,
652 435 691 470 ἃ
712 428 999 485 inseparabilem

220 484 390 531 hostem,
425 486 796 542 concupiscentiam,
826 502 910 542 quae
942 489 1000 526 in-

217 543 290 584 star
312 542 463 584 sarcinae
491 543 613 601 gravis
629 575 639 590 ‚
662 546 866 586 hominem
877 545 1001 600 depri—

219 607 291 641 mit
315 602 363 641 ad
381 602 507 659 bruta,
535 609 576 645 &
601 603 767 644 carnalia
786 604 965 644 desideria
988 631 999 648 ,

218 659 443 714 quibuscum
458 675 611 717 oportet
629 662 818 703 continuo
833 662 1002 702 decerta-

217 733 258 758 re
278 747 288 763 ,
319 719 386 758 nili
406 718 453 759 ab
471 723 522 759 eis
548 726 670 777 mergi
691 720 785 762 velit
805 724 845 760 in
872 723 1002 760 interi-

217 789 326 817 tum:
352 778 498 833 semper
521 793 642 834 ergo,
674 793 724 818 ne
755 778 872 819 bestia
904 778 969 818 fiat
990 806 1000 823 ,

216 850 307 875 cum
317 833 434 876 bestia
445 850 612 892 pugnare
624 836 903 877 debet.accedit
915 849 1003 892 pec-

216 906 347 934 catum
390 894 595 950 originale,
627 895 734 949 quod
767 910 849 935 non
880 894 1002 935 solum

215 953 333 994 DEO
358 952 545 993 infenfiim
562 952 673 1000 facit,
700 956 882 995 verum&
902 952 1002 993 mul-

213 1013 261 1051 tis
281 1010 433 1065 miserijs
457 1010 673 1052 obnoxium
706 1031 713 1051 :
744 1011 848 1051 unde
873 1011 1002 1068 prodit

210 1071 308 1109 mira
330 1069 379 1109 ad
399 1069 639 1125 peccandum
665 1072 835 1125 pronitas
849 1099 860 1115 ‚
889 1083 1003 1124 atque

212 1127 262 1166 ad
290 1126 388 1167 bene
423 1127 665 1183 operandum
691 1127 920 1173 difficultass
953 1143 1001 1168 ex

213 1200 292 1239 quo
305 1185 368 1231 fit,
399 1199 441 1225 ut
458 1184 570 1226 facile
591 1185 739 1226 labatur
771 1185 894 1227 homo
916 1215 926 1232 ,
959 1192 1000 1228 ὃς

212 1244 372 1298 quidem
406 1247 593 1300 graviter,
634 1244 904 1285 accedentibus
941 1259 1000 1285 tot

212 1316 462 1358 peccatorum
485 1301 671 1343 illecebris
695 1332 707 1349 ‚
748 1302 884 1358 quibus
910 1318 999 1343 caro

214 1360 415 1401 difficulter
435 1360 564 1402 resistit
584 1379 592 1402 ε
621 1361 824 1415 quomodo
844 1361 937 1418 ergo
960 1365 1000 1401 in

216 1433 296 1459 tam
345 1418 556 1474 frequenti,
583 1435 627 1460 ac
663 1419 782 1460 arduo
800 1421 967 1460 certamine
991 1450 1003 1467 ,

213 1480 416 1519 victoriam
440 1477 506 1518 fibi
533 1477 667 1533 aliquis
689 1482 916 1534 promittere
934 1494 1005 1535 po-

215 1539 303 1576 terit
325 1550 335 1576 .>
367 1539 512 1577 Poterit
537 1536 640 1577 certe
661 1566 672 1582 ,
706 1536 924 1578 dummodo
955 1537 1003 1577 ad

214 1608 372 1633 certamen
398 1597 575 1650 Deiparae
594 1595 668 1635 fine
694 1595 779 1635 labe
803 1609 1004 1650 conceptae

214 1651 342 1708 saepius
357 1652 496 1693 devote
527 1651 748 1709 respexerit,
777 1652 1001 1708 fortiterque

214 1725 284 1767 pro
302 1712 379 1765 ejus
397 1710 646 1752 immaculato
674 1712 825 1752 honore
854 1712 1001 1753 tuendo

215 1769 416 1809 decertfirit
442 1786 450 1809 :
483 1782 575 1809 tunc
599 1769 798 1811 enimvero
814 1799 827 1816 ,
853 1775 917 1825 qui
937 1787 1002 1810 cer-

214 1841 323 1867 tamen
329 1828 418 1882 forte
427 1826 517 1866 'dedit
527 1827 571 1867 illi
585 1832 747 1884 (nempe
758 1830 915 1869 MAMAE
935 1833 946 1877 )
964 1843 1000 1867 ut

215 1887 381 1929 vinceret,
408 1885 517 1926 dabit
545 1892 586 1927 &
616 1885 728 1926 nobis
766 1900 903 1927 contra
924 1886 999 1926 sce-

215 1944 337 1984 lerum
374 1940 542 1984 maculas}
584 1947 803 1991 victoriam,
833 1960 878 1985 ac
913 1945 1000 1985 ulti,

215 2017 284 2043 mo
296 2007 411 2043 etiam
430 2002 595 2059 gloriose
607 2001 777 2059 superato
796 2003 975 2046 confliCtu
988 2033 998 2049 ,

213 2076 402 2102 coronam
427 2064 604 2116 imponet
631 2061 927 2118 triumphalem,
959 2066 998 2102 in

212 2120 334 2162 Coelis
355 2118 540 2176 perpetuo
552 2120 795 2161 viridantem.

389 2237 429 2301 §.
452 2249 504 2290 2.
536 2235 833 2288 Autboritas.

214 2343 456 2404 OrIgInes,
493 2343 757 2402 ConCeptae
778 2343 1001 2403 DeIparae,

312 2415 520 2474 MagnVs
554 2416 889 2474 propVgnator.

216 2531 242 2556 1.
275 2515 392 2569 Hujus
412 2515 515 2570 igitur
535 2513 687 2570 unigeniti
708 2512 923 2553 DEldicitur
936 2513 997 2553 baec

271 2575 391 2613 Mater
414 2602 425 2618 ,
465 2574 576 2628 Virgo
607 2573 710 2611 MA
716 2574 791 2626 RI
793 2573 834 2611 A
855 2598 867 2615 ,
901 2570 998 2627 digna

269 2631 383 2673 DEI,
410 2631 617 2671 immaculata
649 2631 755 2669 santii
776 2630 997 2673 immaculati,

270 2703 335 2727 una
349 2689 442 2727 unius
452 2716 464 2733 ,
490 2690 581 2729 unica
591 2689 684 2728 unici.
711 2688 862 2728 Homil.
875 2691 915 2727 in
927 2703 958 2728 c.
971 2704 997 2728 Ι.

266 2746 410 2787 Matth.

214 2841 247 2865 2.
275 2823 393 2878 Accipe
422 2838 494 2878 ergo
521 2839 612 2869 eam,
630 2822 712 2877 ficut
751 2823 999 2865 commendatum

198 2876 201 2878 ’
269 2879 413 2932 caelestem
442 2879 620 2934 thefhurum
635 2911 646 2928 ‚
673 2882 817 2920 Deitatis
845 2881 998 2926 divitias,

264 2937 347 2993 ficut
362 2937 566 2994 plenifflmam
586 2941 809 2985 Sanflitatem,
827 2938 910 2995 ficut
923 2953 1000 2997 per—

263 2997 386 3051 fifilam
407 2996 582 3050 justitiam:
617 2999 717 3054 accipe
737 3013 808 3037 eam
822 2998 905 3051 ficut
921 3000 1001 3039 Uni-

267 3055 372 3112 geniti
388 3053 596 3108 manfionem‚
616 3055 700 3111 ficut
723 3056 902 3100 honorabile
923 3072 1002 3098 tem-

1693 127 1722 168 2
1770 126 1800 131 ,.

1105 201 1169 240 lum
1188 229 1198 245 ,
1216 200 1298 255 ficut
1315 200 1431 241 donum
1451 202 1563 247 DEI,
1588 201 1663 260 ficut
1685 129 1837 243 Kritz-is

1103 259 1319 314 omnipotentis
1322 260 1486 316 proprium
1498 289 1507 305 ,
1525 259 1609 314 ficut
1619 260 1738 313 caelest-is
1739 260 1834 317 spon-

1096 316 1254 372 fidomtm
1278 317 1525 358 immaculatum.
1557 318 1652 358 lbid.

1048 403 1079 440 3.
1106 390 1224 427 wlater
1243 388 1472 432 immaculata,
1500 391 1618 428 Mater
1641 389 1834 445 incorrupta,

1106 448 1225 485 Mater
1248 447 1368 486 intacfla
1382 472 1394 491 ‚
1434 463 1499 503 quae
1529 463 1625 503 neque
1645 447 1837 502 persttafiono

1097 504 1252 560 serpentis
1273 503 1399 562 decepta
1420 505 1460 559 est
1473 534 1483 550 ,
1515 520 1611 561 neque
1630 506 1697 558 ejus
1718 502 1838 552 afflati-

1105 561 1163 601 bus
1184 562 1343 616 ‘venenofis
1363 563 1477 619 itffella
1497 564 1545 620 est.
1577 562 1672 602 lbid.

1049 649 1089 687 4.
1119 639 1192 676 Hic
1204 650 1286 694 puer
1327 637 1447 695 indiget
1460 650 1554 694 patre
1573 638 1668 695 fitper
1694 652 1836 683 terram,

1105 696 1367 752 incorruptibilem
1403 698 1486 735 enim
1517 697 1609 736 habet
1634 700 1765 736 Patrem
1805 712 1839 736 m

1107 752 1215 807 exelsis
1235 771 1245 792 .·
1276 770 1336 793 non
1367 754 1486 810 indiget
1525 757 1644 794 Matre
1667 756 1700 794 in
1722 754 1834 801 Coeli55

1108 811 1347 850 immaculatam
1364 812 1457 852 habet
1471 813 1551 850 enim
1564 815 1711 851 ‘Matrem
1731 814 1763 850 in
1775 827 1840 852 ter--

1107 868 1148 908 τιῖ
1179 895 1190 913 ,
1239 869 1320 907 hant
1356 872 1496 909 Beatam
1526 870 1644 924 stilicet
1675 872 1839 926 Vitginem

1109 929 1397 982 MARIAM.
1456 929 1581 968 Hom.
1600 942 1629 979 3.
1662 931 1703 968 in
1752 943 1785 968 c.
1808 946 1836 968 2.

1107 985 1248 1026 Matth.

1292 1051 1331 1116 §.
1353 1060 1395 1118 3.
1431 1051 1611 1113 Ratio.

1050 1152 1213 1197 FILII
1247 1151 1441 1196 DeVotI
1470 1182 1484 1205 ‚
1531 1163 1630 1212 erga
1665 1148 1841 1199 Charos

1193 1222 1429 1283 genItores
1454 1253 1469 1275 ,
1519 1223 1688 1282 Magna

1310 1287 1574 1351 obLIgatlo.

1151 1372 1300 1414 Hristus
1329 1375 1589 1416 DOMINUS
1614 1375 1746 1417 debuit
1770 1377 1840 1418 suae

1180 1431 1399 1472 Beatiffimae
1410 1435 1550 1478 Matri,
1567 1437 1606 1473 in
1622 1435 1733 1476 omni¹
1744 1451 1841 1492 peri-

1053 1489 1161 1535 culo,
1192 1506 1235 1531 ac
1251 1490 1468 1531 neceffitate
1489 1490 1706 1539 subvenire,
1737 1494 1842 1534 ezirn-

1051 1563 1126 1603 que
1138 1549 1186 1589 ab
1195 1552 1306 1590 omni
1321 1548 1428 1589 malo
1448 1548 1630 1590 liberare:
1663 1552 1735 1592 Sed
1754 1567 1842 1608 pec-

1051 1620 1182 1647 catum
1204 1606 1391 1664 originale
1411 1607 1465 1648 est
1488 1623 1676 1665 magnum
1697 1615 1842 1665 pericu-

1050 1664 1133 1705 lum
1156 1694 1167 1711 ,
1199 1673 1239 1708 ὃ(
1261 1664 1431 1713 malum5
1461 1669 1550 1720 quia
1571 1666 1720 1708 inducit
1768 1672 1840 1710 ini-

1050 1725 1239 1764 micitiam
1270 1726 1313 1765 D
1336 1725 1366 1763 E
1388 1725 1405 1763 I
1430 1753 1439 1768 ‚
1471 1730 1513 1765 ὃς
1548 1738 1695 1766 reatum
1716 1741 1842 1782 poenae

1050 1795 1213 1822 aeternae.
1260 1783 1363 1837 Ergo
1395 1781 1569 1823 Christus
1598 1782 1732 1824 debuit
1752 1801 1839 1826 eam

1047 1839 1098 1880 ab
1124 1839 1202 1880 hoc
1234 1852 1395 1895 peccato
1427 1838 1540 1880 omni
1563 1854 1768 1883 momento
1795 1843 1841 1884 li-

1048 1897 1189 1938 berare.
1223 1899 1316 1952 Maj.
1333 1897 1445 1938 Prob.
1471 1902 1503 1938 8.
1520 1899 1644 1939 Ethic.
1669 1899 1809 1942 dicitur
1830 1917 1839 1940 :

1048 1958 1157 1996 Nemo
1174 1956 1234 2007 est,
1266 1957 1321 2014 qui
1346 1955 1461 1995 habeat
1479 1956 1576 2012 fitper
1592 1958 1714 2014 aliquos
1740 1961 1838 2000 talem

1048 2014 1284 2071 obligationem,
1315 2014 1440 2071 qualem
1469 2015 1586 2055 habent
1604 2027 1758 2072 parentes
1777 2012 1837 2074 sit-

1041 2085 1102 2131 per
1109 2073 1208 2128 filios.
1241 2088 1288 2114 ex
1304 2087 1382 2127 quo
1395 2076 1656 2114 communiter
1679 2074 1837 2117 deduci-

1048 2145 1130 2178 tur,
1161 2130 1260 2172 filios
1289 2146 1489 2186 nunquam
1541 2131 1699 2173 reddere
1734 2134 1836 2190 posse

1046 2189 1275 2246 aequivalens
1320 2189 1539 2246 parentibus
1582 2189 1675 2232 suis:
1708 2193 1839 2234 conse-

1049 2262 1214 2303 quenter
1241 2247 1373 2289 saltem
1396 2248 1617 2305 obligantur
1639 2274 1651 2292 ‚
1687 2251 1730 2304 ijs
1754 2250 1837 2292 sub-

1050 2309 1184 2349 venire
1211 2306 1419 2347 secundum
1444 2320 1572 2347 totum
1588 2305 1693 2348 suum
1714 2308 1834 2365 polle,

1051 2372 1092 2408 &
1105 2381 1241 2405 omnes
1256 2368 1365 2407 vires.
1423 2367 1540 2419 Atqui
1556 2365 1727 2406 Christus
1746 2368 1835 2408 vere

1054 2423 1125 2464 fuit
1157 2423 1253 2463 filius
1282 2425 1530 2479 B.Virginis,
1560 2422 1642 2463 imo
1664 2423 1834 2480 speciali-

1049 2481 1108 2522 or‘i
1123 2481 1262 2527 modo3
1293 2484 1382 2535 quia
1393 2494 1519 2522 totam
1534 2480 1635 2522 suam
1657 2481 1835 2525 humani-⁷

1046 2553 1165 2580 tatem
1181 2569 1190 2585 ,
1221 2554 1304 2579 non
1325 2539 1501 2595 {iduplici
1530 2554 1706 2595 parente,
1735 2540 1795 2582 sed
1812 2542 1834 2585 ὲ.

1046 2597 1122 2638 solit
1138 2597 1251 2638 Beata
1270 2601 1429 2654 Virgine
1454 2597 1662 2654 desumpsit
1732 2602 1833 2656 Ergo

1049 2669 1194 2697 tenetur
1239 2662 1307 2701 (ὃς
1330 2655 1540 2711 specialiori
1567 2656 1723 2710 quidem
1748 2673 1834 2699 mo-

1048 2715 1124 2758 do,
1151 2717 1268 2768 quim
1292 2714 1383 2754 alius
1402 2715 1498 2754 filius
1514 2744 1524 2759 ‚
1556 2718 1620 2769 qui
1637 2714 1741 2754 stium
1763 2715 1834 2757 effe

1047 2777 1195 2828 accepit
1222 2772 1401 2827 &duplici
1434 2779 1617 2828 parente)
1656 2771 1724 2812 suae
1743 2778 1833 2814 San-

1050 2831 1210 2871 ffiffimae
1240 2832 1377 2874 Matri,
1410 2833 1447 2870 in
1473 2835 1582 2870 omni
1603 2831 1833 2879 necestitate,

1047 2904 1093 2930 ac
1123 2889 1292 2945 periculo
1315 2888 1535 2932 subvenire,
1577 2894 1617 2929 ὅ(
1635 2888 1683 2928 ab
1724 2895 1834 2932 omni

1106 2947 1233 2992 malo,
1265 2946 1438 2999 adeoque
1455 2949 1571 2985 etiam
1593 2946 1642 2985 ab
1662 2949 1778 3004 origi-

1237 3002 1316 3044 nali
1361 3002 1511 3042 maculzssi
1551 3018 1639 3046 eam

1347 3058 1514 3101 liberare.

1093 3201 1173 3254 Kk
1689 3207 1729 3258 ἒ.
1765 3220 1808 3261 4.

1855 1209 1963 1261 521.
