2164 3413
315 65 486 126 Index
515 63 596 126 111.
608 63 971 143 Dogmatum,
991 58 1464 130 Procardicorum,
1477 54 2006 140 Regular.Juris‚&C.

232 174 292 209 61·
319 166 394 201 Imo
411 164 557 213 Sponsa,
582 164 697 201 relicto
722 165 859 210 proprio
882 188 892 205 ,
918 162 1050 199 assumit
1072 173 1137 198 no-

281 229 358 252 men
375 213 499 263 Sponfi.
548 217 639 262 Ergo
652 215 761 249 Maria
781 214 895 250 relicto
918 216 1137 260 protoparen-

283 269 325 301 tis
343 266 499 308 nomine,
521 276 646 301 nomen
664 261 805 310 Spiritus
830 265 940 300 Sant'ti
960 262 1132 311 puriffimi.

282 317 373 352 Ratio
392 321 450 351 80.

234 371 291 404 62·
317 364 436 411 Sictjue
452 361 678 399 mumMaria
691 358 810 396 habere
819 373 887 397 non
906 359 1026 408 potest,
1047 357 1137 409 quod

282 412 379 462 ipfius
394 414 532 448 nomine
545 410 810 457 nonestgestum.
861 413 952 447 Ratio
969 425 999 456 9.

234 469 292 512 63.
320 462 519 502 Praesertim,
543 461 619 496 cum
635 459 736 496 semel
754 458 862 496 malus
879 459 1002 508 semper
1016 459 1135 508 praesu-

283 526 390 548 matur
400 510 462 548 esse
474 510 592 546 malus.
640 512 733 545 Ratio
750 522 807 553 29.

234 567 292 610 64.
320 558 716 608 Etsemeldeprehensus,
742 557 868 596 centies
880 571 955 596 reus
966 557 1134 597 habeatur.

279 614 369 648 Ratio
381 616 439 655 46.

1234 159 1302 206 pit,
1343 160 1443 195 etiarn
1462 162 1570 197 Maria
1589 160 1643 197 illi
1665 159 1882 209 relinquenda
1902 162 1975 203 erit.
2024 168 2085 200 Rda

1233 210 1279 243 tio
1300 217 1357 253 50.

1184 262 1240 297 80.
1268 257 1562 294 Foeminasitetnin
1577 257 1656 295 dote
1665 259 1883 308 protegendas
1896 259 1957 298 else
1968 285 1980 303 ,
2004 265 2083 309 Jura

1231 306 1364 343 volunt.
1389 310 1424 344 δέ
1448 308 1526 355 quid
1546 308 1637 344 aliud
1658 309 1704 345 est
1723 310 1954 357 praesumtio,
1982 325 2083 359 quam

1235 356 1296 393 dos
1314 357 1592 405 Mariae‘aspiritu
1605 362 1721 396 Sansto
1730 360 1884 407 accepta?
1910 364 2001 397 Ratio
2016 364 2072 399 19.

1186 413 1244 451 81.
1266 406 1436 446 Praeterea,
1450 419 1484 442 ut
1496 409 1569 455 quis
1580 409 1676 455 poffit
1685 410 1970 446 reconciliatorem
1985 421 2082 459 agere

1234 457 1320 491 inter
1333 455 1415 491 duos
1427 456 1613 504 litigantes,
1639 467 1771 506 oportet
1785 461 1917 507 utique,
1943 472 1980 496 ut
1996 463 2082 497 utri-

1233 505 1333 552 usque
1342 504 1440 551 partis
1453 504 1486 541 su
1498 507 1603 543 bonus
1611 512 1746 545 amicus.
1778 510 1840 545 Sed
1855 512 1895 545 B.
1916 508 2020 558 Virgo
2036 510 2081 548 est

1231 553 1407 590 constituta
1428 557 1606 593 mediatrix
1621 559 1706 597 inter
1717 562 1849 603 Deum,
1872 561 1909 598 &
1926 572 2083 607 peccato-

1232 617 1314 640 rem.-
1367 606 1467 652 Ergo.
1515 609 1607 643 Ratio
1623 611 1678 644 16².

228 667 285 709 65.
314 663 386 695 Nec
398 656 482 695 certe
491 660 568 706 Jura
577 656 703 694 Civilia
714 654 804 694 aliud
816 655 960 702 docent;
988 670 1026 693 ut
1041 658 1132 694 enim
1184 654 1242 692 82.
1269 656 1302 690 Si
1314 653 1482 690 deindead
1501 667 1599 702 quem
1614 656 1733 704 spestat
1753 670 1860 701 onus,
1885 658 1920 696 &
1945 656 2080 695 emolu-

278 709 428 747 Christus
441 709 507 756 ipse
516 706 1133 756 pronunciavit:ReddendasuntCaesari,

274 760 415 809 quaesnnt
423 758 561 803 Caesaris.
612 759 701 806 Ergo
712 760 824 794 Mater
835 757 979 806 supremi
990 756 1130 794 Caesaris

273 809 443 856 nunquam
453 808 598 845 alterius.
650 809 740 844 Ratio
751 811 809 853 56.

224 864 282 897 66.
311 862 352 894 Et
379 857 472 899 sane,
499 855 518 892 fi
543 860 713 892 Senatores
730 880 741 898 ,
767 854 936 899 Praefecti,
956 857 993 893 &
1018 854 1074 901 alij
1092 853 1127 891 in

270 907 680 956 dignitatibusconstituti,
702 907 820 942 ducere
841 918 911 942 non
926 905 1046 942 debent
1064 917 1125 941 an·

270 959 383 999 cillas,
411 955 464 992 vel
481 956 561 991 alias
578 955 729 991 obscuras
748 955 922 996 mulieres,
949 955 1008 990 illa
1023 967 1125 1002 quam

271 1009 413 1055 Spiritus
425 1010 455 1043 S.
468 1005 524 1042 fibi
533 1004 752 1052 desponsavit,
764 1004 899 1041 obscura
912 1005 1052 1041 minime
1072 1005 1124 1042 di-

269 1057 370 1093 cenda
381 1058 454 1092 erit.
504 1059 593 1090 Ratio
602 1067 663 1098 91.

221 1109 280 1152 67.
309 1107 340 1142 Si
353 1107 442 1141 enim
451 1103 610 1139 adstantes
624 1103 718 1139 lateri
734 1101 908 1151 Principis,
918 1098 1061 1138 Illustres
1071 1103 1124 1138 di-

649 1157 735 1201 Qnos
753 1152 962 1198 laterisffnostri
975 1152 1065 1188 decor
1086 1152 1126 1189 il·

268 1205 403 1249 lustrat,
438 1203 546 1239 multo
572 1202 729 1239 illustrior
748 1205 875 1250 Regina
896 1205 1023 1244 Mater,
1049 1213 1125 1249 quae

266 1255 367 1290 astitit
382 1254 400 1289 a
411 1254 547 1293 dextris,
566 1252 601 1287 in
613 1251 728 1289 vestitu
747 1253 916 1288 deaurato.
966 1254 1058 1288 Ratio
1067 1266 1124 1298 55.

269 1157 501 1200 cuntur,juxta
517 1153 620 1189 illud:

217 1309 276 1344 68.
303 1304 428 1339 Melior
437 1301 595 1339 nimirum
613 1301 710 1338 debet
727 1302 788 1338 esse
801 1302 1096 1349 conditioReginae
1110 1322 1122 1343 2

265 1353 366 1401 qu‘am
383 1353 475 1389 servi.
528 1355 618 1387 Ratio
644 1364 699 1397 3¹·

219 1406 278 1452 69ι
302 1402 375 1438 Ιπιὸ
387 1405 540 1449 Princeps
558 1401 672 1437 eadem
689 1399 861 1448 privilegia
872 1398 1025 1447 Augustae
1040 1411 1121 1436 con-

267 1452 365 1492 cedit,
383 1451 533 1499 quaeipse
549 1450 657 1487 habet.
709 1453 799 1486 Ratio
812 1460 867 1494 37.

218 1514 277 1552 70.
302 1506 377 1538 Nec
390 1505 606 1537 annectuntur
618 1499 737 1536 tributa
749 1524 760 1541 ,
785 1503 819 1538 &
835 1497 1006 1547 penfiones
1015 1497 1118 1534 bene-

266 1551 346 1595 ficiis
362 1551 448 1587 Filio
464 1551 623 1597 Principis
638 1548 803 1586 conceffis.
855 1552 957 1596 Atqui
965 1551 1003 1587 B.
1013 1550 1118 1596 Virgo

264 1600 310 1637 est
319 1600 394 1637 Filia
403 1601 563 1648 Principis.
590 1602 690 1646 Ergo,
740 1601 833 1635 Ratio
845 1605 864 1635 8
869 1608 902 1642 ς’.

218 1662 276 1697 71.
303 1652 377 1687 Nec
387 1653 464 1697 Jura
472 1648 650 1696 posteriora
659 1660 804 1696 unquam
818 1648 950 1694 poffunt
961 1647 1118 1696 derogare

263 1697 500 1748 prioribusmisi
513 1700 547 1733 in
560 1695 680 1735 cafibus
693 1698 797 1746 aJure
805 1698 970 1745 expreffis.
1002 1699 1117 1747 Atqui.

262 1752 364 1797 Ergo.
416 1750 511 1785 Ratio
525 1756 586 1793 95.
694 1792 697 1794 μ

211 1811 273 1846 72.
302 1798 431 1846 Aliquo
449 1800 549 1833 etiam
562 1796 724 1838 concesso,
752 1797 866 1832 omnia
884 1792 1119 1846 intelliguntur

259 1846 405 1884 conceffa
419 1869 430 1889 ,
457 1845 522 1882 fine
533 1847 651 1894 quibus
661 1859 702 1882 eo
712 1845 890 1881 commode
900 1848 946 1882 uti
960 1860 1029 1883 non
1043 1847 1118 1895 pos-

259 1898 380 1934 sumus.
431 1899 521 1944 Ergo
539 1895 687 1932 concessa
698 1897 930 1936 Maternitate,
962 1896 1027 1933 hoc
1044 1897 1117 1945 ipso

258 1948 383 1983 Mariae
409 1944 557 1983 concessa
593 1945 638 1982 est
659 1946 856 1983 immunitas
881 1945 1000 1984 alabe.
1050 1952 1116 1983 Ra-

259 2000 304 2033 tio
318 2007 378 2041 92.
734 2039 738 2040 ⁷
999 2040 1002 2041 ⁷

209 2059 270 2095 73.
297 2044 475 2081 Praesertim
494 2067 505 2086 ‚
531 2042 608 2080 cum
633 2041 831 2081 beneficium
848 2067 859 2085 ,
884 2045 919 2081 δε
945 2040 1117 2082 indultum

257 2096 421 2143 Principis
444 2095 483 2131 stt
510 2092 662 2131 latiffime
697 2093 995 2142 interpretandum.
1054 2099 1116 2131 Ra.

257 2149 302 2183 tio
323 2150 346 2182 6
373 2166 382 2179 .

207 2206 269 2243 74.
292 2159 428 2242 [usgpet
443 2194 554 2230 Mater
567 2216 580 2236 ‚
605 2204 642 2229 ac
662 2187 774 2229 Proles
797 2188 916 2229 eodem
937 2188 1116 2241 privilegio

256 2241 434 2294 gaudeant.
486 2246 578 2279 Ratio
587 2256 622 2288 4.

208 2305 268 2342 75.
295 2294 427 2331 Deinde
435 2292 676 2342 iniquissimum
686 2287 742 2330 fit,
759 2291 891 2326 Patrem
902 2290 957 2327 vel
967 2292 1113 2329 Matrem

258 2354 352 2392 egere
361 2367 372 2387 ,
397 2341 490 2387 cuius
500 2340 605 2378 Filius
615 2342 649 2377 in
661 2338 873 2377 facultatibus
880 2339 936 2377 est.
962 2344 1053 2377 Ratio
1064 2345 1099 2383 6.

208 2398 267 2440 76.
292 2392 578 2431 Benefacientibus
593 2394 684 2428 enim
698 2387 796 2426 nobis
808 2388 996 2427 benefacere
1011 2391 1112 2427 debe-

256 2457 358 2487 mus3
399 2455 477 2479 nam
495 2440 642 2486 beneficii
666 2450 815 2488 receptor
829 2465 839 2481 ,
864 2440 973 2487 qualis
990 2440 1036 2477 est
1057 2442 1115 2479 Fi-

253 2493 336 2533 lius.
363 2491 557 2529 naturaliter
565 2489 743 2538 obligatur.
793 2492 886 2526 Ratio
909 2500 965 2534 ρο.

203 2556 265 2593 77.
289 2544 382 2579 Sicut
398 2544 490 2577 enim
529 2543 548 2588 (
567 2539 646 2577 teste
670 2537 847 2576 Aristotele
864 2539 885 2581 )
910 2552 1011 2575 nemo
1030 2536 1076 2576 est
1098 2560 1110 2583 9

253 2593 311 2639 qui
326 2591 444 2627 habeat
460 2590 555 2637 super
573 2590 702 2638 aliquos
722 2588 824 2625 talem
846 2588 1110 2636 obligationem,

253 2638 388 2689 qualem
396 2638 518 2676 habent
526 2643 679 2676 Parentes
688 2636 887 2687 superfilios:
913 2638 953 2674 fic
972 2640 1108 2676 viciffim

255 2691 448 2739 obligantur
458 2689 534 2735 Filij
544 2713 555 2731 ‚
577 2688 645 2725 illis
654 2688 844 2729 subvenire,
869 2686 1046 2725 secundum
1057 2701 1107 2725 to.

254 2752 328 2777 tum
347 2739 441 2776 suum
452 2738 533 2780 effe,
560 2741 594 2776 &
619 2749 738 2775 omnes
756 2740 860 2780 vites,
884 2737 975 2785 quod
988 2740 1108 2776 Mariae·

253 2790 357 2826 Filius
367 2787 456 2825 fecit,
507 2790 600 2825 Ratio
622 2800 683 2834 75.
1040 2831 1043 2834 ἢ

205 2844 268 2886 78.
297 2839 372 2875 Ιιηὸ
384 2837 574 2875 Aristoteles
583 2847 698 2885 putat,
724 2836 890 2874 honorem
906 2834 1109 2884 parentibus,

252 2889 347 2936 quasi
368 2890 460 2935 Diis,
487 2886 714 2933 exhibendum
729 2886 814 2931 effe3
840 2888 916 2934 quia
935 2885 993 2932 filij
1005 2889 1109 2935 aequi.

252 2938 366 2973 valens
375 2937 526 2985 praestare
535 2949 604 2973 non
616 2935 757 2984 possunt.
805 2939 896 2972 Ratio
906 2942 964 2980 84.

203 2998 262 3037 79.
290 2986 452 3023 Etnonne
462 2990 539 3033 Jura
562 2987 798 3034 pronuntiant,
824 2985 928 3022 vestes
941 2984 1107 3033 reliquen-

252 3036 309 3072 das
317 3035 378 3071 effe
390 3035 551 3072 debitori?
566 3036 642 3072 cum
651 3048 730 3084 ergo
741 3037 848 3072 Maria
860 3033 895 3071 fit
904 3035 996 3082 quasi
1008 3035 1106 3070 vestis

252 3085 374 3121 Christi
386 3109 398 3127 ,
423 3086 535 3133 quiex
551 3087 621 3134 ipsa
640 3097 773 3122 carnem
792 3084 974 3126 assumens,
996 3083 1106 3121 habitu

252 3137 394 3172 inventus
410 3139 445 3172 nt
467 3132 560 3172 homo
580 3160 591 3180 ,
617 3135 726 3174 nostra
746 3135 781 3173 in
805 3135 837 3180 se
862 3134 974 3174 debita
1000 3133 1105 3183 susce}

1228 714 1381 740 mentum
1394 702 1532 751 spestare
1540 704 1636 742 debet
1651 720 1661 743 :
1685 709 1739 743 cui
1751 709 1857 754 majus
1871 708 2082 744 emolumen-

1227 765 1301 791 tum
1313 766 1355 788 ex
1371 754 1613 802 Redemptione
1623 759 1805 804 competit,
1831 757 1931 806 quam
1943 760 2081 800 Mariae,

1226 815 1301 851 quae
1316 802 1488 839 subCruce
1507 803 1592 840 stans
1603 830 1615 847 ‚
1640 805 1830 844 maximum
1856 808 1977 845 exinde
1995 821 2081 846 onus

1225 852 1327 889 tulit?
1368 856 1459 889 Ratio
1480 857 1535 890 86.

1179 905 1235 945 83.
1262 904 1406 938 Econtra
1415 903 1528 937 nullus
1546 902 1643 938 deber
1660 917 1702 939 ex
1717 903 1797 940 dolo
1811 904 1892 947 suo,
1916 908 1967 942 cui
1981 905 2080 943 debe·

1223 965 1274 989 tur
1286 963 1381 999 poena
1395 974 1404 991 ,
1434 951 1562 988 lucrum
1583 965 1748 1000 reportare
1771 977 1782 994 ,
1807 955 1915 1002 qualis
1937 955 2000 993 fuit
2011 958 2082 992 dia.

1223 1001 1322 1038 bolus
1338 1021 1350 1044 2
1375 1001 1491 1038 dolose
1506 1001 1680 1040 hominem
1689 1006 1964 1042 circumveniens,
2012 1011 2081 1050 Raq

1222 1054 1267 1088 tio
1285 1065 1344 1095 49.

1179 1104 1236 1149 84.
1262 1098 1428 1137 Caeteri'im
1439 1101 1570 1138 Beatius
1582 1097 1626 1138 est
1636 1102 1740 1149 magis
1750 1100 1825 1138 dare
1837 1125 1847 1143 ‚
1872 1102 1972 1151 quam
1990 1099 2082 1139 acci-

1225 1162 1311 1199 pere.
1361 1151 1422 1186 Sed
1432 1150 1453 1186 fi
1466 1154 1572 1188 Maria
1583 1151 1689 1188 fuiffet
1707 1152 1741 1187 in
1756 1152 1884 1188 macula
1899 1163 2078 1201 concepta,

1225 1201 1300 1249 plus
1311 1199 1445 1236 dediffer
1455 1202 1560 1242 Filio,
1586 1201 1687 1249 quam
1700 1201 1741 1237 ab
1754 1214 1794 1238 eo
1808 1201 1989 1251 accepill‘et.
2014 1206 2079 1241 Er.

1223 1263 1268 1299 go
1277 1254 1341 1289 &c.
1392 1254 1482 1287 Ratio
1509 1258 1569 1296 89.
1868 1295 1871 1296 ⁷

1175 1306 1229 1347 85.
1259 1304 1332 1336 Nec
1343 1313 1454 1336 tamen
1477 1301 1653 1348 proemium
1674 1301 1821 1348 primum
1842 1299 1937 1337 alteri
1954 1301 1995 1337 de
2005 1301 2078 1346 jure

1220 1353 1402 1399 competit,
1429 1353 1530 1398 quam
1549 1352 1640 1395 cujus
1660 1349 1874 1397 compositio,
1900 1363 1968 1398 prae
1996 1351 2077 1386 reli-

1220 1402 1311 1448 quis,
1331 1402 1434 1437 caruit
1449 1399 1543 1436 omni
1556 1413 1676 1437 errore.
1736 1403 1825 1448 Ergo
1844 1412 1905 1436 nec
1922 1403 1959 1437 B.
1974 1403 2078 1448 Virgo

1218 1450 1389 1498 accepiffet
1423 1452 1601 1498 proemium
1630 1452 1775 1498 primum
1797 1470 1809 1491 ,
1843 1462 1881 1486 ac
1912 1452 2079 1498 praecipu-

1215 1512 1294 1540 um,
1320 1499 1580 1545 maternitatis,
1605 1498 1673 1546 ‚nifi
1689 1498 1835 1537 caruiffet
1868 1501 1963 1536 omni
1991 1500 2081 1536 labe.'

1214 1552 1306 1584 Ratio
1326 1563 1347 1594 ᾳ
1353 1558 1386 1596 7.
1552 1593 1554 1595 ι
1774 1591 1778 1594 ⁴
1840 1593 1842 1595 ‚

1169 1602 1227 1640 86.
1254 1599 1355 1644 Qod
1372 1597 1393 1634 fi
1411 1596 1535 1646 spurius
1546 1594 1752 1647 legitimatus
1761 1596 1874 1635 similis
1884 1597 1918 1634 in
1929 1599 2008 1645 Jure
2023 1598 2078 1633 di·

1216 1648 1299 1684 citur
1316 1661 1429 1696 aegm,
1460 1660 1574 1684 curato
1602 1648 1621 1683 a
1643 1648 1779 1684 vulnere
1798 1672 1811 1689 ,
1836 1650 1929 1693 cujus
1947 1648 2076 1696 semper·

1216 1698 1329 1745 aliqua
1356 1709 1470 1734 manet
1481 1698 1617 1734 cicatrix
1632 1721 1643 1741 ,
1669 1698 1754 1734 certe
1771 1701 1872 1734 etiam
1891 1710 2074 1734 remaneret

1219 1749 1338 1784 Mariae
1349 1747 1510 1785 cicatrix:
1537 1746 1630 1784 fuiff'e
1646 1747 1827 1796 aliquando
1844 1750 2076 1796 peccatricem.

1221 1799 1310 1833 Ratio
1329 1801 1388 1834 66.

1170 1850 1225 1894 87.
1252 1845 1559 1893 Concluduntergo
1569 1847 1668 1891 Jura,
1693 1845 1878 1882 aetorenon
1895 1845 2073 1893 probante,

1215 1905 1309 1932 reum
1341 1895 1470 1932 absolvi
1488 1909 1501 1938 3
1538 1895 1720 1932 affirmanti
1757 1897 1847 1932 enim
1879 1896 2072 1932 incumbere

1212 1945 1459 1994 probationem,
1474 1956 1543 1981 non
1551 1945 1686 1993 neganti
1703 1956 1712 1978 ε
1724 1945 1872 1993 αάεοᾴυε
1883 1957 1995 1982 manet
2005 1948 2075 1982 im-

1214 1996 1382 2032 maculata
1402 1995 1594 2042 conceptio
1615 1995 1652 2031 in
1680 1994 1734 2032 sua
1756 1994 1957 2044 poffeffione.
2010 2001 2072 2032 Ra-

1215 2044 1260 2082 ΐὶσ
1327 2066 1337 2081 ο

1168 2093 1226 2133 88.
1252 2058 1453 2142 sssiiragatur
1472 2094 1574 2130 etiam
1598 2085 1676 2131 huic
1700 2091 1858 2130 doctrinae
1876 2091 2044 2130 Medicina
2058 2119 2070 2137 ,

1211 2142 1293 2180 dum
1307 2146 1375 2185 ait,
1408 2155 1446 2179 ut
1461 2142 1636 2190 pristinum
1663 2154 1966 2190 temperamentum
1994 2157 2075 2181 cor-

1210 2196 1303 2241 poris
1338 2204 1512 2235 evocetur,
1538 2196 1574 2231 &
1605 2191 1809 2234 restituatur,
1834 2193 2070 2241 applicandam

1212 2242 1276 2279 effe
1300 2243 1501 2279 medicinam
1518 2263 1529 2286 ,
1553 2255 1629 2291 quae
1653 2239 1704 2278 illi
1722 2242 1864 2279 omnino
1883 2242 1997 2280 similis
2018 2244 2071 2280 fir:

1210 2294 1302 2341 Ergo
1323 2297 1360 2329 B.
1379 2294 1503 2339 Virgo.
1527 2304 1604 2340 quae
1622 2291 1687 2329 una
1712 2304 1789 2329 cum
1810 2292 1961 2335 Christo,
1990 2305 2071 2331 tan-

1209 2355 1313 2391 quam
1337 2342 1502 2379 medicina
1522 2342 1623 2390 primi
1643 2344 1921 2389 temperamenti,
1947 2355 2069 2391 nempe

1213 2391 1614 2442 gratiae,eratc011stituta,
1637 2390 1776 2429 debebat
1794 2391 1856 2427 effe
1865 2390 1979 2429 fimilis
1995 2395 2070 2441 priq

1217 2455 1276 2479 mo
1287 2441 1416 2479 homini
1424 2465 1436 2483 ,
1463 2450 1541 2479 ante
1554 2452 1736 2489 peccatum.
1784 2444 1877 2477 Ratio·
1888 2447 1947 2485 76·

1164 2492 1221 2539 89.
1250 2493 1382 2529 Dicitur
1399 2493 1480 2528 item
1504 2493 1541 2528 in
1555 2490 1758 2531 Proverbio,
1784 2492 1943 2540 Principijs
1961 2490 2066 2538 obsta,

1202 2541 1269 2588 ,sero
1284 2542 1445 2579 Medicina
1453 2545 1598 2589 paratur.
1629 2542 1720 2588 Ergo
1729 2541 1973 2587 perfectiffimus
1987 2545 2065 2578 Me.

1208 2592 1321 2633 dicus,
1347 2590 1517 2632 Christus,
1541 2590 1711 2638 principiis
1719 2588 1892 2628 maculofis
1903 2593 1939 2629 in
1949 2592 2065 2631 Maria

1207 2640 1357 2678 oblistere
1366 2639 1484 2677 voluit.
1536 2642 1628 2675 Ratio
1648 2653 1709 2683 99.

1157 2698 1218 2736 96.
1242 2694 1346 2727 Favet
1367 2692 1468 2727 etiam
1487 2685 1703 2736 Philosophia
1723 2713 1735 2730 ,
1765 2688 1846 2726 dum
1860 2688 1966 2727 dicitt
1992 2692 2063 2726 Bo-‘

1205 2752 1288 2777 num
1300 2752 1342 2777 ex
1350 2738 1477 2787 integra
1486 2737 1600 2780 causa,
1625 2739 1752 2775 malum
1761 2739 1958 2787 exquolibet
1968 2738 2062 2776 defe-

1207 2793 1274 2827 stu.
1322 2788 1465 2837 Ergone
1477 2788 1588 2824 Maria
1599 2787 1725 2825 dicatur
1746 2789 1852 2831 mala,
1875 2788 2062 2827 omnimo-

1207 2851 1324 2877 mento
1336 2838 1461 2885 absque
1476 2838 1550 2874 labe
1561 2838 1698 2874 dicenda
1707 2837 1764 2875 est.
1814 2841 1906 2875 Ratio
1917 2843 1976 2876 60.

1156 2896 1219 2934 91-
1246 2892 1332 2925 Item
1340 2888 1431 2924 causa
1444 2900 1513 2924 non
1526 2887 1572 2923 est
1591 2888 1733 2925 deterior
1749 2888 1806 2925 suo
1824 2886 1951 2924 effestu.
1999 2890 2060 2924 Er-

1204 2951 1248 2986 go
1261 2952 1320 2975 nec
1329 2936 1441 2975 Maria
1449 2937 1681 2986 Mater,quoad
1693 2936 2059 2980 immunitatem‚Chri-

1203 2989 1252 3025 sto
1261 2987 1363 3025 Filio.
1413 2990 1506 3025 Ratio
1528 2999 1563 3024 2.

1155 3045 1214 3084 92,
1242 3037 1331 3074 cum
1347 3036 1440 3075 Iocus
1468 3036 1692 3075 communiter
1718 3034 1755 3073 fit
1774 3035 1912 3086 aequalis
1928 3035 2056 3080 locato«,

1207 3090 1307 3135 Qtio
1325 3100 1382 3134 70.

1155 3148 1214 3186 93.
1240 3140 1282 3177 Et
1301 3137 1410 3178 forma
1426 3135 1571 3184 munda,
1595 3147 1632 3175 ac
1639 3147 1721 3186 pura
1743 3147 1814 3178 non
1825 3132 2055 3219 poffiteduc‘i-„ff

1969 3196 2005 3221 ru
2017 3196 2032 3220 ι
