2164 3413
714 79 954 163 Epistola
980 82 1346 146 Dedicatoria.

111 182 216 232 dem
235 177 424 230 subinde
445 183 569 231 notis
588 215 602 240 ,
639 179 712 231 sed
736 200 835 231 non
858 184 951 232 fine
975 187 1181 233 criminis
1211 199 1471 234 atramento
1495 196 1509 234 ε
1539 188 1676 235 rectas
1699 189 1940 238 Virtutum

111 256 270 310 lineas,
301 251 374 299 sed
398 255 516 301 vitiis
538 256 871 315 interpunctas:
893 259 996 302 vitae
1021 256 1198 302 calamo
1214 287 1230 308 ‚
1267 255 1339 303 sed
1360 255 1608 304 charafitere
1633 262 1791 306 mortis
1812 279 1823 314 ;
1859 255 1942 308 Tu

110 321 220 371 vero
241 322 332 370 sola
345 355 359 379 ,
395 338 479 369 ceu
499 317 641 370 Lrber
660 326 708 369 in
727 325 873 384 proelo
891 325 1058 371 amoris
1079 327 1241 372 Divini
1257 326 1306 372 in
1328 328 1477 388 primo
1496 325 1675 373 instanti
1691 330 1832 389 imprr.
1841 328 1940 383 isus,

109 389 214 441 licet
241 405 481 455 nunquam
509 393 644 439 fuerit
675 395 873 440 correEta
903 396 1048 456 prima
1078 393 1153 440 illa
1180 394 1319 442 editio
1357 393 1470 443 Tua
1491 431 1504 453 ,
1541 396 1854 444 correctiffima
1877 413 1943 445 ta-

107 478 219 512 men
237 461 437 525 prodiisti
460 495 474 518 ,
511 460 733 509 beneficio
752 456 907 510 Scriba
930 495 944 520 ,
987 475 1082 509 tam
1106 462 1317 520 feliciter,
1350 464 1489 527 quam
1516 460 1942 531 velociterfcriben-

107 530 188 590 tis,
212 549 262 580 ac
282 529 568 579 inscribentis
593 535 682 580 VE
698 534 905 580 RBUM
941 535 1014 580 VI
1031 531 1072 578 T
1090 535 1146 578 AE
1168 548 1226 579 ex
1251 529 1322 580 ‘Te
1339 534 1640 592 nasciturum,
1675 527 1825 584 omnis
1844 552 1945 585 ma..

107 601 241 658 culae,
274 596 530 664 mortisque
560 601 861 649 exclusivum.
931 603 1073 665 Cujus
1096 604 1234 648 etiam
1265 596 1401 650 Libri
1425 617 1476 651 ut
1497 604 1723 653 charaffler
1754 607 1943 655 nitidior

105 669 248 737 magis
267 671 522 735 legentium
544 675 752 719 invitaret
776 670 937 719 oculos·
963 704 979 729 ‚
1029 671 1217 732 Typum
1246 670 1449 719 adhibuit
1475 689 1663 721 aureum
1691 674 1943 736 purissimus

102 745 278 797 Amor,
299 749 346 788 &
367 740 658 789 membranas
681 743 916 805 Virgineas
933 774 947 798 ‚
981 743 1145 788 tamin
1164 745 1486 803 Conceptione
1505 744 1736 802 candidas,
1772 759 1824 794 ut
1849 752 1944 811 Ag.

102 826 190 859 nus
211 809 376 874 absque
402 807 581 858 macula
608 811 743 858 suum
761 810 868 858 inde
889 808 1185 872 postmodum
1213 812 1369 859 Vellus
1389 811 1627 865 assumere,
1656 814 1943 879 mundo‘que,

100 896 299 945 quantus
320 880 380 927 est
402 885 528 928 DEus
541 914 555 939 ‚
593 896 857 943 comparere
876 896 933 928 ex
961 877 1032 929 ‘Te
1055 881 1266 928 voluerit.
1351 880 1548 929 Tametsi
1567 888 1691 929 enim
1711 886 1819 932 tales
1839 889 1942 949 qui-

100 951 206 998 dem
229 951 316 998 sint
337 952 515 1014 reliquae
533 965 697 998 omnes
722 965 959 1008 creaturae,
994 963 1046 998 ut
1067 964 1226 997 earum
1251 950 1458 1014 quaelibet
1476 953 1675 1015 aliquam
1704 952 1859 1001 saltem
1885 955 1942 1002 de

100 1026 324 1073 Summo,
361 1037 412 1069 ac
430 1024 607 1068 Divino
632 1026 767 1068 Bono
790 1019 923 1068 nobis
945 1022 1161 1067 notitiam
1181 1023 1383 1084 ingerat,
1422 1019 1559 1079 adeo,
1581 1036 1632 1070 ut
1646 1039 1722 1084 per
1745 1040 1819 1076 ea,
1841 1039 1941 1087 quae

99 1091 212 1139 ‘fa-sta
233 1089 363 1149 sunt,
400 1087 637 1137 Fafflorem
657 1089 806 1152 ipsum
830 1090 913 1138 suo
938 1090 1085 1137 modo
1107 1090 1363 1152 conspicere
1393 1091 1655 1155 frequenter
1686 1092 1941 1142 admodum

99 1162 353 1218 valeamus,
389 1159 540 1224 sicque
564 1155 768 1207 &Mundi
791 1160 967 1207 caducis
988 1164 1078 1207 Dm
1100 1163 1400 1217 Firmitatem,
1421 1157 1445 1208 ἐ
1467 1166 1769 1223 temporaneis
1792 1168 1942 1211 AEter.

96 1233 313 1287 nitatem,
351 1226 654 1277 Potentiama
678 1232 931 1287 creatione,
967 1232 1230 1277 Bonitatem
1250 1229 1273 1276 a
1294 1229 1666 1288 conservatione,
1692 1233 1942 1281 Providen-

96 1303 208 1348 tiam
233 1299 509 1347 concludere
530 1295 744 1362 possimus
770 1296 1056 1363 aregimine:
1092 1296 1315 1362 Qamvis
1335 1303 1472 1347 etiam
1491 1304 1586 1348 talis
1606 1302 1658 1348 sit
1683 1298 1822 1349 Liber
1840 1304 1940 1360 ille,

95 1383 236 1433 quem
256 1374 390 1417 Sacrae
405 1374 641 1431 Scripturae
664 1371 859 1415 nomine
876 1367 1045 1415 merito
1069 1383 1390 1430 nuncupamus
1398 1403 1413 1426 ‚
1444 1384 1494 1417 ut
1517 1371 1591 1417 vel
1605 1373 1655 1417 in
1678 1387 1735 1418 eo
1760 1371 1856 1419 solo
1879 1375 1941 1420 le-

92 1455 200 1505 gere
226 1439 356 1487 detur
376 1443 516 1488 DEU
532 1444 607 1494 M,
644 1435 947 1501 Ejusde'mque
971 1454 1071 1485 non
1099 1436 1282 1486 tantum
1313 1441 1539 1503 Magnalia
1557 1472 1571 1492 ‚
1618 1439 1779 1487 verum
1801 1448 1939 1491 etiam

91 1507 353 1558 Attributa:
377 1521 412 1554 Ε.
434 1521 477 1555 G.
511 1510 706 1556 Divitias
723 1522 855 1570 atque
875 1512 1135 1555 Potentiam
1153 1511 1203 1554 in
1225 1508 1420 1565 Genesi,
1458 1511 1508 1557 in
1533 1511 1696 1557 Exodo
1718 1513 1939 1560 Clemen-

93 1582 204 1628 tiam
226 1613 239 1637 ,
279 1580 574 1643 Religionem
603 1580 652 1625 in
689 1580 897 1625 Levitico
915 1610 931 1630 ‚
986 1580 1256 1626 Patientiam
1281 1580 1328 1624 in
1350 1577 1495 1648 Jobo,
1534 1579 1870 1629 Fortitudinem
1888 1583 1939 1628 in

91 1648 224 1720 Josue
243 1650 502 1720 ,sJustitiam
526 1651 572 1695 in
598 1647 828 1712 Regibus,
866 1650 1156 1695 sanititatem
1178 1651 1228 1695 in
1256 1648 1434 1695 Davide
1453 1680 1468 1705 ,
1505 1652 1775 1710 Sapientiam
1799 1655 1847 1698 in
1865 1657 1939 1700 Sa-

91 1721 313 1776 lomone,
344 1719 685 1766 Providentiam
706 1720 754 1764 in
776 1715 1010 1779 Prophetis
1032 1725 1118 1765 &c.
1193 1721 1247 1764 In
1269 1712 1340 1764 (Π
1358 1716 1688 1775 nihilominus,
1714 1715 1938 1767 Pulcher-

90 1786 356 1838 rimamter
379 1783 614 1845 mulieres,
651 1790 892 1835 VIRGO
930 1787 1448 1836 IMMACuLATA!
1480 1788 1607 1835 velut
1633 1792 1680 1835 in
1711 1806 1936 1852 compen-

88 1858 190 1918 dio,
226 1860 319 1907 sine
344 1861 547 1906 minimo
576 1858 726 1921 gratiae
747 1855 1007 1919 dispendio,
1047 1859 1276 1904 contineri
1303 1855 1394 1904 haec
1414 1861 1602 1914 omnia,
1639 1873 1817 1907 certum
1843 1859 1930 1914 est,

87 1946 168 1994 per
195 1932 390 1977 unicum
415 1927 526 1975 illud
558 1920 757 1976 Verbum
778 1961 791 1983 ,
835 1926 961 1989 quod
991 1929 1201 1974 continet
1233 1928 1394 1973 omnia
1424 1948 1436 1982 ;
1487 1923 1568 1975 Tu
1599 1931 1726 1976 enim
1753 1946 1796 1976 es
1820 1946 1932 1992 prae-

88 2002 203 2049 clara
242 2001 316 2054 illa
354 1996 586 2061 ipsiusmet
626 1996 868 2045 Munditiei
897 2029 913 2049 ‚
970 2012 1022 2043 ac
1046 1998 1294 2044 SanCtitatis
1320 1999 1601 2060 primigeniae
1628 1997 1827 2062 effigies,
1875 1998 1929 2048 ad

87 2073 212 2135 cujus
237 2069 436 2117 formam
453 2072 607 2117 Virtus
634 2066 868 2122 colorem,
907 2070 1033 2114 DEus
1053 2067 1349 2128 penicillum,
1387 2066 1600 2115 umbram
1619 2072 1801 2130 Spiritus
1823 2075 1931 2118 San-

87 2145 182 2189 &tus
203 2139 527 2188 contulerunt:
549 2140 620 2186 cui
649 2153 733 2201 pro
764 2135 984 2200 dignitate
1016 2136 1290 2184 exornandae
1323 2151 1420 2184 non
1445 2153 1564 2185 unus
1590 2141 1709 2186 DEI
1730 2139 1925 2203 digitus,

86 2210 158 2259 sed
188 2225 284 2258 tota
304 2210 847 2258 AUGUSTISSIMAE
892 2207 1224 2255 TRIADOS
1253 2222 1416 2254 manus
1440 2241 1452 2263 ‚
1504 2204 1670 2256 Pairis
1689 2212 1922 2271 potentia,

88 2275 222 2329 Nati
249 2281 496 2342 Sapientia,
533 2283 684 2325 Amor
687 2273 851 2344 seinai
866 2268 1062 2344 Spiritds
1081 2309 1096 2334 ,
1139 2274 1387 2324 communi
1416 2277 1793 2326 machinamento
1811 2314 1825 2336 ,
1863 2273 1925 2327 ab

86 2348 246 2404 initio,
282 2349 346 2407 &³
367 2359 479 2396 ante
503 2341 669 2396 Saecula
694 2346 903 2395 incubuit
924 2364 937 2394 :
974 2355 1032 2396 Ut
1054 2345 1169 2394 nihil
1193 2345 1394 2397 omnino
1413 2350 1591 2408 reperiri
1617 2345 1745 2410 poi'iit
1765 2350 1924 2397 Virtu-

85 2424 140 2469 tis
170 2423 218 2468 in
245 2420 435 2468 homine
457 2454 470 2476 ,
517 2419 802 2481 perfeetionis
835 2420 884 2464 in
915 2417 1100 2482 Angelo
1124 2448 1140 2470 ,
1196 2419 1269 2464 vel
1289 2418 1570 2465 excellentiae
1602 2417 1699 2479 post
1725 2422 1920 2473 DEuM‚

85 2490 210 2554 quod
235 2507 336 2538 non
366 2484 498 2553 plena
518 2503 662 2536 manu
678 2490 727 2535 in
751 2480 821 2535 Te
839 2486 933 2549 Ipse
952 2485 1217 2553 congesserit
1237 2518 1252 2540 ,
1289 2487 1404 2535 nihil
1427 2484 1726 2535 deformitatis
1751 2490 1800 2536 in
1826 2505 1924 2538 ere-

84 2559 173 2614 bo,
207 2562 447 2623 impietatis
467 2562 515 2607 in
533 2558 735 2615 mundo,
773 2562 998 2620 pravitatis
1022 2557 1261 2622 quondam
1286 2560 1334 2605 in
1356 2558 1520 2610 Coelo,
1557 2556 1679 2621 quod
1698 2574 1797 2606 non
1818 2575 1924 2608 om-

86 2633 134 2678 ni
151 2627 388 2678 custodiaa
410 2625 581 2691 ‘Tbipse
603 2631 843 2677 averterit:
869 2622 949 2676 Tu
963 2644 1006 2676 es
1025 2627 1178 2676 charta
1199 2629 1271 2675 illa
1291 2629 1504 2692 Virginea
1521 2625 1835 2687 candidissima,
1847 2631 1924 2677 cui

85 2714 393 2764 perennaturae
414 2702 531 2762 pacis
559 2701 772 2747 articulos
798 2698 1028 2761 placatum
1054 2702 1249 2747 Numen
1279 2697 1506 2760 inscripsit.
1616 2694 1697 2746 ‘Iu
1724 2700 1921 2763 denique

88 2765 228 2818 Liber
249 2785 292 2816 es
310 2769 685 2830 incomparabilis,
709 2768 828 2816 haud
847 2765 1083 2816 immerito
1103 2765 1314 2818 Censuris
1333 2763 1657 2829 praeclarislimis
1674 2784 1921 2817 commen-

85 2843 234 2896 datus,
254 2853 394 2902 quem
414 2838 648 2900 reprobare
669 2852 811 2889 nemo
828 2838 973 2900 potest
991 2870 1006 2894 ‚
1032 2837 1114 2884 nisi
1141 2836 1374 2900 reprobus.
1445 2842 1503 2885 Et
1522 2834 1623 2885 sane
1642 2835 1803 2886 Coetus
1821 2843 1920 2885 An.

83 2913 217 2975 gelici
239 2907 516 2970 Coryphaeus
535 2908 745 2965 Gabriel,
766 2907 878 2956 dum
887 2901 1055 2977 gratid
1069 2902 1262 2974 plenam
1283 2909 1349 2954 TE
1372 2910 1647 2960 enuntiavit,
1662 2906 1771 2970 quid
1798 2906 1922 2955 aliud

83 2983 216 3035 fecit,
248 2974 388 3041 quam
405 2974 527 3040 quod
554 2974 708 3026 omnis
729 2973 840 3026 ‘Tibi
868 2976 1008 3025 laudis
1042 2981 1323 3038 praetexuei-it
1357 2980 1647 3040 Epitomen?
1685 2976 1921 3039 Pei-spicax

82 3049 244 3099 deinde
274 3047 436 3111 Aquila
464 3050 683 3117 Joannes,
718 3047 797 3095 ubi
827 3044 897 3095 ‘Te
919 3064 976 3095 ex
1005 3050 1202 3095 Domini
1223 3048 1518 3095 Testamento
1541 3049 1709 3108 recepit
1732 3050 1782 3094 in
1818 3046 1917 3104 sua,

83 3115 244 3168 nonne
262 3129 452 3165 conatus
474 3114 533 3164 est
552 3117 741 3180 quidem
762 3116 1009 3168 describere
1018 3110 1254 3248 (Librum,
1279 3125 1324 3165 ὃς
1344 3115 1523 3164 exorsus
1549 3113 1572 3162 ὲ
1595 3119 1762 3178 capite,
1780 3116 1919 3231 scrip-

1050 3203 1073 3235 a
1103 3187 1152 3251 3)
1881 3199 1918 3232 it
