2164 3413
164 45 333 110 index
343 45 424 112 111.
446 47 1089 131 Dogmatfflrocardicor.
1105 46 1350 128 Regular.
1371 43 1481 129 Jur.
1503 44 1838 110 Axiorn.&c.

124 146 182 184 nifi
201 148 219 185 ὲ
238 148 381 195 subjecto
409 149 559 191 mundo,
585 153 620 187 δε
639 162 734 198 puro.
785 153 880 187 Ratio
906 163 965 187 22.

74 202 133 242 94.
158 197 770 246 Insuperrelativasuntfimulnatura,
795 202 830 237 &
848 203 966 247 cogni-

1067 147 1222 194 subjeeto.
1274 152 1360 197 Ergo
1375 150 1481 184 necin
1502 149 1609 186 Maria
1623 149 1779 185 destinata
1790 150 1919 187 Mateta

1064 200 1150 233 nitas
1162 197 1311 238 Christi,
1339 202 1373 234 &
1384 211 1566 244 peccatum.
1618 201 1712 235 Ratio
1725 204 1779 243 64.

122 247 225 283 tione.
281 248 345 284 Sed
356 250 438 284 ratio
447 248 650 288 filiationis,
675 252 710 285 &
723 251 945 285 Maternitatis
957 273 967 291 ,
1018 252 1076 294 98·
1102 245 1171 292 Qi
1186 249 1275 282 enim
1292 247 1492 289 vultfinems
1514 246 1587 283 vult
1605 250 1704 283 etl-2¹m
1718 247 1824 283 media
1833 257 1915 283 001¹*

123 296 157 330 in
177 294 334 339 Christo,
359 299 532 338 ὅιΜπίἓ,
552 296 625 333 sunt
642 296 699 334 suo
709 297 811 334 modo
829 298 970 335 correla-

122 347 202 381 tiva.
260 348 348 394 Ergo
363 349 429 384 &c-
479 348 575 382 Ratio
603 353 656 383 88.

73 403 94 438 9
101 400 131 438 ς’.
143 396 194 430 Sic
203 396 303 431 etiam
318 398 503 443 propinqua
514 394 618 443 magis
629 394 825 443 participant
835 394 874 431 de
883 396 973 431 Prin-

121 455 221 491 clPlO·

124 493 251 529 Maria?
276 496 370 530 Ratio
379 506 437 540 72.

74 541 133 585 96.
160 542 352 584 Praesertim,
363 543 439 578 cum
448 542 561 578 Maria
570 539 645 588 plus
655 543 755 579 fuerit
766 541 868 579 'aDeo
878 554 971 577 arna·

125 603 158 627 ta
183 615 194 633 ‚
225 593 323 640 quam
353 603 471 628 omnes
500 590 636 638 reliquae
669 604 823 629 creatutae
847 614 858 633 ,
884 601 980 638 atque

123 640 204 676 adeo
214 665 225 683 ,
249 641 323 677 cum
332 653 441 677 amare
454 641 492 676 stt
504 641 592 676 velle
607 640 734 677 bonum
744 667 753 682 ‚
780 640 855 688 plus
867 643 895 676 ei
910 639 974 676 bo-

123 702 205 725 num
220 691 384 732 voluerit,
410 694 445 728 &
469 693 542 726 astu
564 690 743 728 contulerit
754 690 861 732 Deus,
878 690 977 738 quam

125 739 280 776 omnibus
289 739 375 785 alijs.
423 741 521 776 Ratio
537 751 569 775 1.

75 797 135 835 97.
164 788 305 826 Constat
324 789 503 837 praetere31‚
536 788 605 824 duo
630 787 789 836 perfecte,
818 784 979 834 &priva-

125 836 193 873 tive
217 840 378 877 contraria
386 861 399 882 ‚
424 851 493 875 non
515 835 605 885 poffe
628 836 785 875 verificari
803 836 839 872 in
860 836 980 872 eodem

71 965 758 1084 eeseazffls-.

1065 297 1218 331 ducentia
1230 298 1270 332 ad
1284 295 1394 333 finem.
1445 300 1533 343 Ergo
1554 298 1609 344 qui
1638 296 1751 332 voluit
1775 298 1918 332 Mariam

1067 345 1240 429 {r-dat6rem,
1266 346 1526 394 voluithocipso
1544 346 1803 382 immaculatam.
1853 348 1920 381 Ra-

1086 406 1115 429 ιο
1162 407 1193 441 7.

271 446 471 490 Quisautem
484 445 701 493 propinquior
710 444 854 487 Christo,
871 444 971 493 quam
1021 455 1080 489 99.
1105 443 1261 478 Tandem
1280 455 1414 491 propter
1436 443 1524 491 quod
1556 443 1818 491 unumquodque
1841 438 1920 486 tale,

1069 488 1154 526 illud
1169 495 1273 539 magis
1297 493 1374 528 tale.
1427 493 1490 528 Sed
1514 492 1558 528 ob
1579 493 1726 529 Mariam
1753 494 1886 539 plurimi
1904 492 1923 528 ὲ

1069 551 1278 589 peccatorum
1302 539 1457 590 periculis
1474 541 1615 579 liberati.
1667 545 1756 590 Ergo
1768 540 1924 589 magisil-

1076 590 1121 626 la.
1146 591 1242 625 Ratio
1261 594 1319 627 68.

1033 649 1111 676 100.
1137 639 1320 685 Optimum
1337 638 1478 686 denique
1495 664 1505 679 .
1532 649 1593 687 pro
1612 635 1856 679 Conclufione,
1881 634 1927 675 est

1077 690 1344 735 Argumentum,
1380 688 1555 724 deduetum
1576 702 1619 724 ex
1636 689 1843 724 evidentibus
1869 690 1928 722 ab·

1076 735 1200 778 surdis,
1226 748 1367 785 quorum
1388 748 1456 772 non
1479 735 1555 773 esset
1572 748 1726 773 numerus
1745 762 1754 779 ,
1782 738 1802 773 [i
1820 739 1928 773 Maria

1076 787 1238 823 diceretur
1253 789 1288 823 in
1301 784 1456 834 originali
1478 797 1615 834 peccato
1641 798 1811 835 concepta.
1860 789 1930 822 Ra-

1076 838 1122 872 tio
1142 845 1203 883 53.

574 1168 1216 1241 INDEX

1330 1165 1455 1238 IV.

120 1309 512 1382 Historiarum,
555 1308 1002 1382 Revelationum,
1044 1306 1479 1378 Miraculorum,
1523 1305 1761 1366 Mariam
1789 1302 1898 1365 fine

599 1393 698 1441 labe
733 1408 1007 1460 conceptam
1050 1392 1434 1458 persuadentium.

238 1563 272 1597 in
288 1562 388 1597 maris
416 1560 562 1607 periculo
580 1559 781 1600 constituto,
813 1562 981 1597 auxilium

197 1605 210 1619 ⁶
237 1609 298 1647 hac
320 1609 513 1647 conditione
535 1608 649 1650 offert,
676 1609 700 1645 fi
720 1609 803 1645 velit
825 1610 982 1659 imposte·

236 1662 310 1697 turn
320 1659 480 1696 celebrare
491 1659 622 1695 Festum
630 1661 870 1706 Conceptionis
882 1684 895 1702 ‚
921 1660 983 1696 ali-

236 1710 339 1758 osque
357 1709 396 1744 ad
407 1709 680 1746 idemcohottari.
729 1709 868 1752 Historia
893 1723 920 1747 1.

83 1770 118 1798 2.
144 1762 177 1797 S.
190 1759 346 1803 Anselmus
355 1758 469 1794 Archi·
481 1758 588 1806 Episc.
600 1762 757 1795 cantuar.
766 1759 849 1794 Ord.
859 1760 892 1795 S.
903 1762 984 1795 Ben.

131 1808 303 1846 intellecto
321 1807 420 1844 Elfini
438 1808 599 1843 miraculo
618 1831 629 1850 ,
658 1809 784 1854 primus
803 1809 985 1845 introducit

131 1860 167 1894 in
183 1858 240 1895 suo
258 1856 372 1895 Archi·
388 1857 584 1905 Episcopatu
609 1857 865 1893 celebrationem
899 1858 983 1894 Festi

132 1908 248 1951 hujus,
275 1906 444 1944 succeffive
472 1906 490 1942 ὲ
527 1908 599 1943 toti
630 1905 772 1943 Ecclesia.
802 1918 982 1955 receptam.

134 1957 269 2001 Historia
293 1969 328 1994 2.

86 2017 119 2050 3.
145 2004 364 2042 seernardus
397 2005 509 2042 Abbas
532 2004 715 2042 clarevall.
742 2016 877 2053 apparet
911 2003 984 2051 post

132 2068 275 2091 mortem
286 2056 416 2093 cuidam
424 2057 563 2092 Ordinis
574 2054 618 2091 sui
628 2054 796 2102 Religioso
808 2078 818 2095 ,
834 2066 923 2090 totus
935 2055 983 2089 lu-

133 2118 168 2140 ce
177 2104 409 2147 circumfusus,
435 2109 535 2141 unico
545 2116 658 2140 tamen
669 2107 763 2151 nigro
774 2106 931 2148 punctulo
949 2106 983 2139 in

134 2158 263 2202 pestore
290 2166 451 2195 notatus,
476 2156 639 2190 rationem
672 2153 906 2194 manifestans,
943 2154 983 2188 εὸ

134 2204 222 2251 quod
248 2203 408 2240 nimirum
438 2217 496 2251 per
526 2203 780 2239 modiciffimum
803 2203 983 2250 aliquando

134 2266 264 2302 tempus
273 2254 412 2301 putarit,
425 2258 460 2290 Β.
471 2255 647 2301 Virginem
661 2255 694 2287 in
708 2253 836 2289 macula
844 2263 985 2300 concep-

135 2315 214 2339 tam.
262 2303 399 2348 Historia
421 2309 441 2338 6
446 2316 478 2347 5.

85 2362 125 2398 4.
151 2356 183 2388 S.
198 2350 330 2389 Thomas
345 2356 486 2402 Aquinas
510 2362 647 2400 apparet
676 2349 855 2391 Faustino,
878 2349 987 2387 Padu-

136 2414 200 2437 ano
217 2402 380 2450 Episcopo
392 2426 404 2444 ‚
441 2402 536 2450 eicjue
554 2400 646 2437 suam
667 2401 814 2448 explicat
833 2399 986 2436 sententi-

137 2464 190 2486 am
207 2475 218 2490 ‚
242 2453 279 2487 in
306 2450 458 2490 favorem
482 2451 707 2487 immaculatae
732 2452 986 2497 conceptionis.

136 2500 269 2544 Htstoria
291 2512 347 2542 50.

91 2561 122 2594 5.
145 2547 373 2598 &udephonfns
399 2548 499 2587 Archi
513 2547 651 2598 -Episc.
673 2546 875 2589 Toletanus,
898 2545 985 2585 Ord-

137 2598 297 2635 S.Bened.
315 2611 399 2636 unus
425 2598 625 2647 epraecipuis
653 2597 877 2633 immaculatae
891 2600 986 2633 Con-

137 2649 298 2693 ceptionis
309 2648 509 2690 cultoribus,
535 2648 761 2689 ,testimonium
778 2647 796 2682 a
807 2648 841 2683 S.
855 2649 985 2683 Leoca·

135 2696 215 2732 diae
230 2696 361 2734 tumulo
374 2700 509 2746 accipit,
534 2699 631 2747 eique
645 2698 664 2733 ὲ
683 2701 723 2734 Β.
744 2697 881 2743 virgine
891 2696 985 2733 casu-

138 2748 170 2782 la
188 2745 325 2782 candida
335 2743 478 2783 offertur.
535 2748 671 2790 Historia
695 2750 752 2790 46.

93 2798 126 2832 6.
154 2800 191 2831 Β.
202 2794 397 2840 Gnidisalvns
408 2795 530 2833 ibidem
540 2795 869 2844 Archi-Episcopus,
893 2806 988 2830 com-

139 2848 280 2880 muniter
292 2846 409 2881 Mariae
439 2845 645 2894 Capellanus
665 2856 822 2885 vocatuS,
849 2846 884 2880 in
894 2844 989 2880 Festo

136 2895 376 2941 conceptionis
385 2893 521 2931 Missam
534 2894 689 2936 disturus,
718 2894 758 2930 ab
766 2894 881 2930 eadem
896 2892 987 2930 fimi-

138 2945 205 2980 lem
226 2942 369 2979 casulam
389 2945 526 2991 accipit,
552 2956 588 2979 ac
599 2944 692 2992 plura
709 2945 750 2979 de
763 2943 987 2980 immaculatae

139 2994 378 3040 conceptionis
386 2995 533 3035 veritate,
555 2995 592 3029 eft
604 2993 795 3036 revelante,
814 2993 987 3042 intelligit.

142 3043 276 3089 Historia
285 3054 340 3087 74.

93 3106 126 3136 7.
152 3095 184 3127 S.
198 3096 326 3135 loannes
337 3090 553 3136 Damajcenus,
566 3088 651 3129 Ord.
660 3092 692 3128 S.
703 3088 826 3127 Bened.
840 3099 989 3139 amputa·-

141 3153 209 3177 tarn
229 3139 284 3176 fibi
299 3140 470 3177 dexteram
481 3139 677 3180 miraculose
695 3139 837 3190 recipit&
852 3141 962 3179 Maria
979 3161 991 3182 .

83 1521 114 1550 ι.
129 1516 192 1631 S
213 1510 358 1549 Nicotaus
369 1511 479 1558 Myrae
495 1508 675 1558 Episcopus
685 1533 696 1552 ,
721 1505 836 1547 Effino
849 1508 982 1551 Abbati,

1082 1506 1411 1554 cujusimmaculatae
1430 1504 1674 1552 Conceptionis
1701 1503 1812 1541 cultor
1832 1501 1944 1539 extitit

1082 1560 1241 1595 eximius.
1293 1558 1430 1603 Historia
1462 1562 1520 1599 38.

1035 1609 1068 1647 8.
1094 1612 1127 1645 S.
1139 1610 1319 1644 Dominicus
1337 1606 1427 1642 suam
1438 1605 1478 1641 de
1488 1604 1718 1651 Conceptiune
1728 1603 1912 1639 doftnnam
1928 1623 1942 1645 ,

1081 1670 1197 1694 contra
1207 1656 1399 1705 Albigenses
1411 1679 1422 1696 ‚
1438 1653 1586 1690 flammis
1598 1651 1783 1688 committit
1796 1677 1803 1691 ,
1834 1653 1885 1687 led
1899 1651 1942 1687 il-

1082 1707 1197 1744 laesam
1221 1707 1378 1748 retrahit,
1403 1702 1683 1751 Propofitionibus
1712 1699 1941 1750 Albigenfiurn‘

1079 1756 1298 1804 consumptis.
1350 1755 1486 1797 Historia
1504 1765 1524 1789 2
1531 1762 1563 1796 3.
1800 1798 1803 1799 ⁷

1031 1817 1066 1851 9.
1093 1811 1130 1841 S.
1140 1803 1352 1843 Bernardinm
1359 1804 1489 1850 Senenfis
1503 1812 1637 1850 apparet
1644 1795 1773 1835 <luobus
1785 1798 1937 1835 Patribus

1082 1856 1131 1893 sui
1143 1854 1299 1895 Ordinis,
1315 1855 1408 1889 Senis
1418 1854 1451 1887 in
1461 1850 1664 1887 Bibliotheca&
1678 1848 1827 1897 parvula,
1853 1861 1937 1895 ope-

1081 1918 1116 1941 ra
1128 1904 1274 1948 ejusdem
1291 1904 1397 1940 Saneti
1415 1901 1454 1937 de
1469 1899 1683 1936 immaculata
1704 1901 1938 1945 Conceptione

1081 1953 1293 1990 lustrantibus
1312 1976 1324 1995 ,
1363 1951 1546 1998 eorumc'lue
1583 1949 1727 1985 studium
1762 1946 1939 1995 approbat.

1079 2003 1216 2049 Historia
1231 2013 1290 2048 97.

1037 2061 1090 2089 ιο.
1114 2056 1153 2089 Β.
1173 2056 1303 2096 Ioannes
1328 2049 1346 2086 *a
1365 2052 1482 2088 cruce,
1504 2045 1591 2083 ord.
1615 2045 1790 2083 Catmelit.
1804 2040 1941 2081 exhibet

1079 2101 1153 2149 post
1169 2113 1312 2136 mortem
1332 2101 1367 2135 in
1388 2098 1547 2133 membris
1566 2096 1630 2134 suis
1658 2096 1840 2143 imaginem
1864 2094 1940 2141 pul·

1082 2150 1280 2186 cherrimam
1314 2147 1541 2185 immaculatae
1569 2145 1825 2194 conceptionis.
1874 2145 1936 2180 Hi-

1106 2203 1174 2236 oria
1197 2207 1254 2241 39.

1039 2262 1053 2288 ι
1065 2200 1103 2286 11?
1120 2253 1159 2285 Β.
1170 2246 1342 2292 Paschalis,
1370 2243 1454 2282 Ord.
1472 2245 1503 2281 S.
1515 2241 1670 2280 Francisc.
1684 2245 1795 2279 Frater
1805 2241 1938 2284 Laieus,

1082 2294 1520 2345 firigulariterimmaculatae
1536 2293 1758 2340 Conceptioni
1772 2292 1913 2327 devotus
1924 2312 1937 2334 ‚

1085 2349 1120 2383 in
1130 2359 1241 2384 annuo
1258 2346 1405 2389 ejusdem
1416 2343 1506 2381 Festo
1518 2344 1741 2379 communiter
1758 2344 1792 2376 in
1810 2340 1939 2378 extasin

1083 2409 1195 2445 raptus
1212 2421 1222 2438 ,
1246 2397 1369 2432 Mariae
1384 2394 1600 2441 colloquitur.
1651 2390 1786 2435 Historia
1805 2400 1862 2436 52.

1041 2454 1055 2483 1
1066 2459 1096 2483 2.
1124 2451 1252 2491 loannes·
1262 2444 1460 2482 anachoreta
1469 2466 1480 2483 ‚
1506 2440 1676 2477 cande³am
1689 2450 1801 2475 coram
1815 2441 1939 2475 imma-

1084 2496 1204 2532 culatae
1212 2493 1456 2542 Conceptiouis
1468 2493 1612 2539 imagine
1624 2490 1800 2526 accendere
1809 2488 1936 2529 solitus,

1085 2558 1159 2582 eam
1192 2545 1265 2592 post
1295 2545 1405 2592 plures
1438 2544 1538 2577 etiam
1570 2539 1842 2588 peregrinationis
1874 2537 1939 2575 suae

1084 2594 1218 2632 Menses
1234 2595 1448 2630 inextinctam
1461 2590 1591 2638 reperit.
1643 2588 1782 2632 Historia
1792 2592 1851 2633 64.

1040 2651 1093 2689 13.
1117 2648 1157 2681 Β.
1180 2648 1291 2681 Petrus
1301 2640 1491 2687 Vzllarienlis,
1515 2638 1602 2675 ord.
1627 2638 1766 2675 Cisterc.
1794 2633 1939 2674 revelati

1082 2691 1139 2730 fibi
1150 2693 1169 2730 ἔι
1182 2697 1220 2730 Β.
1230 2697 1270 2730 V.
1284 2691 1525 2738 Conceptionis
1537 2689 1722 2725 Festivitate
1734 2711 1743 2727 ,
1755 2689 1790 2722 in
1806 2686 1863 2723 tali
1874 2686 1938 2721 ali-

1084 2743 1219 2791 quando
1227 2741 1321 2778 Festo
1333 2740 1372 2777 ab
1383 2738 1524 2786 ips6met
1533 2737 1664 2775 Christo
1673 2750 1750 2773 curn
1760 2737 1866 2772 Marii
1877 2736 1938 2771 de-

1086 2792 1266 2841 sponsatur.
1316 2790 1448 2835 Historia
1471 2795 1529 2835 82.

1044 2849 1099 2887 14.
1125 2845 1166 2878 Β.
1176 2837 1319 2878 Nicolaus
1336 2839 1484 2887 Pratenfis
1504 2837 1635 2873 summo
1660 2831 1765 2871 studio
1786 2828 1914 2869 laborat
1928 2853 1941 2874 ,

1087 2903 1124 2927 ut
1136 2891 1232 2928 ordo
1241 2888 1495 2927 Coelestinorum
1515 2884 1827 2922 celebretoctavam
1842 2885 1939 2918 Con—

1087 2942 1249 2987 ceptionis
1260 2963 1270 2979 ‚
1309 2943 1349 2975 B.
1363 2939 1496 2985 Virgine
1510 2930 1754 2979 beneplacitum
1774 2930 1868 2968 suum
1883 2939 1943 2979 pet⁴

1086 2989 1284 3025 miraculum
1294 2985 1581 3023 commonstrante.
1635 2980 1770 3026 Htstoria
1785 2993 1839 3026 14.

1044 3047 1097 3083 ις.
1122 3040 1351 3078 Dnnsscotus‚
1366 3035 1449 3072 Ord.
1460 3038 1490 3070 S.
1508 3030 1665 3069 Francisc.
1689 3031 1827 3066 ducenta
1845 3040 1940 3076 argu.

1087 3099 1197 3123 menta
1208 3099 1322 3123 contra
1342 3082 1591 3120 immaculatam
1601 3082 1867 3126 Conceptionem
1882 3081 1939 3113 Pa-

1089 3135 1167 3181 tifijs
1187 3136 1273 3173 solus
1285 3134 1432 3174 resolvit,
1454 3132 1639 3169 marmorea
1650 3132 1684 3166 Β.
1696 3130 1736 3165 V.
1748 3129 1847 3164 statua
1863 3135 1940 3162 ante

1094 3187 1142 3233 (c
1170 3186 1222 3230 2)
1854 3176 1915 3211 Di.
