2164 3413
30 887 167 918 Thremc.

0 930 3 937 ’
29 942 57 966 4.
75 940 98 958 v.
115 935 141 960 8.

785 108 1106 189 Conceptus

204 195 350 243 hemis,
391 212 431 238 m
462 213 541 254 cap.
568 197 702 238 Nonne.
734 198 914 239 Distinet.
937 213 991 251 37.

205 256 377 311 expressis
388 256 521 302 verbis,
527 271 607 296 non
619 255 776 297 obscure
787 256 993 313 colligitur5

206 316 272 355 Ait
297 317 404 355 enim
428 317 524 355 inter
542 313 632 354 alias
651 315 761 371 Abyffi
796 315 995 371 explicati-

207 387 321 418 ones,
352 387 440 412 eam
478 373 555 414 dici
582 371 683 428 posse
715 373 763 413 ab
793 376 855 419 A,
888 372 995 427 quod

206 429 313 470 idem
324 430 400 476 est,
431 445 474 471 ac
490 432 583 476 sine,
618 437 658 473 &
679 430 701 471 a
716 431 835 473 verbo
857 430 971 487 Byfflcs
984 460 995 476 ,

207 489 314 542 quod
333 504 452 545 genus
471 489 671 543 quoddam
693 488 763 529 lini
783 489 997 530 candidiffi-

205 550 261 587 mi
271 547 457 602 fignificat
475 563 482 585 ε
510 563 557 588 ex
575 562 652 601 quo
668 547 866 604 ingeniose
879 548 1000 588 dedu-

204 608 270 650 cit,
303 605 408 645 idem
419 603 491 646 esse
500 605 655 662 AbyJJum
667 633 677 649 ,
690 606 796 661 quod
803 606 872 662 fine
883 604 975 662 Byffi)
984 634 995 651 ,

204 662 263 703 seu
277 662 344 719 stne
367 662 509 704 candore.
571 668 665 719 Qo
684 664 889 721 supposito,
911 662 999 719 apte

202 720 377 777 profecto
394 737 459 777 per
475 721 630 778 Abyfflcm
658 723 882 779 intelligitur
916 726 999 761 Pec-

201 795 309 819 catum
328 806 339 824 ,
370 780 477 834 quod
496 781 665 821 candore
687 784 842 823 Divinae
870 783 998 836 gratiae

201 841 376 879 animam
406 843 555 894 privat,
585 845 625 881 ὃς
655 843 806 895 nigram
836 839 963 879 reddit
986 868 997 885 ‚

201 898 307 951 juxta
318 896 412 937 illud
427 901 601 948 Jeremiae
623 914 630 935 :
659 899 842 954 Denigrata
855 898 895 950 est
904 897 1000 953 ficper

203 955 354 996 carbones
392 956 495 1011 facies
523 972 643 995 eorum.
703 955 826 1012 Qod
852 956 877 996 sl
905 955 998 996 vero

203 1013 391 1071 expositio
420 1014 503 1054 haec
521 1014 693 1068 aliquam
720 1013 871 1055 fortasse
886 1017 998 1055 novi-

203 1086 324 1113 tatem
335 1072 508 1119 redolere
521 1076 588 1112 uni
616 1072 773 1114 alterive
792 1073 964 1115 videatur
986 1102 996 1118 ‚

203 1130 324 1186 eaque
351 1130 579 1187 praeplaceat
598 1160 608 1176 ,
640 1130 715 1185 qua
735 1134 999 1171 communiter

201 1187 342 1246 Abyffus
350 1204 421 1245 pro
434 1189 586 1229 infinita
598 1190 698 1243 quasi
708 1204 891 1244 aquarum
903 1205 998 1230 con-

201 1252 316 1304 gerie,
337 1247 478 1303 absque
494 1247 617 1288 fundo
627 1251 823 1304 accipitur,
835 1247 999 1304 idipsum

201 1322 285 1347 non
302 1310 429 1347 minus
453 1305 626 1363 praesenti
640 1306 742 1347 favet
753 1309 975 1363 Conceptui
987 1336 998 1353 ‚

201 1364 384 1420 Abyssum
424 1380 514 1405 cum
548 1379 709 1421 peccato
743 1365 961 1406 conferenti
987 1382 996 1405 t

204 1423 298 1478 quid
314 1426 420 1463 enim
443 1423 544 1464 aliud
561 1427 701 1480 Regius
719 1423 910 1480 propheta
930 1439 997 1480 per

206 1480 363 1538 Abyfficm
383 1481 589 1538 intelligit,
628 1481 746 1536 quam
774 1494 940 1539 peccatum
972 1483 998 1521 ,Ρ

1189 111 1372 172 ani.
1716 126 1790 187 213

1041 198 1133 244 fuit,
1169 199 1287 257 longe
1308 204 1341 242 ie
1354 201 1401 242 ab
1413 217 1461 242 eo
1477 201 1566 243 loco
1578 217 1669 244 tunc
1683 219 1835 260 tempo-

1042 257 1260 299 risabfuiffe.
1320 263 1417 300 Non
1439 260 1662 302 diffimiliter
1684 265 1722 301 in
1745 278 1832 318 pro-

1043 316 1165 371 pofito
1188 317 1318 358 nostro
1339 333 1531 374 conceptu
1556 348 1567 365 ,
1616 323 1707 360 cum
1731 336 1835 362 mors

1044 378 1192 429 peccati
1226 376 1421 432 originalis
1443 392 1489 416 ex
1514 378 1680 421 Adamo,
1710 383 1836 433 primo

1045 446 1202 487 parente
1219 435 1351 475 nostro
1375 450 1502 476 ortum
1526 435 1722 481 habuerit,
1752 452 1837 476 om-

1050 490 1160 530 nibus
1176 493 1253 545 ejus
1285 493 1368 547 filijs
1384 508 1450 550 per
1470 493 1684 534 naturalem
1702 509 1839 551 propa-

1050 552 1249 603 gationem
1299 551 1346 591 ab
1393 551 1471 608 ipso
1521 551 1838 594 descendentibus

1051 620 1154 646 mors
1177 607 1241 648 illa
1269 611 1495 665 imputatur,
1537 624 1722 665 tanquam
1747 627 1839 668 prce-

1050 665 1319 706 varicatoribus
1333 697 1342 713 ‚
1374 673 1413 708 in
1430 667 1508 724 ipso
1526 672 1651 725 capite
1674 684 1839 710 conten-

1049 724 1117 768 tis;
1160 738 1198 764 at
1232 726 1442 767 Beatiffima
1465 730 1586 782 Virgo
1613 727 1838 783 apertissime

1050 780 1198 835 probat,
1207 782 1271 821 fibi
1285 798 1366 824 non
1377 785 1645 840 imputandam
1656 785 1726 826 esse
1738 786 1839 827 hanc

1049 853 1219 880 mortem
1242 844 1409 896 peccati,
1440 845 1528 896 quia
1552 843 1762 899 antequam
1789 843 1841 885 efi

1049 896 1130 938 sent
1150 898 1248 954 abyffi
1270 898 1467 954 originalis
1497 900 1631 956 culpae,
1662 905 1779 943 etiam
1799 907 1840 943 in

1048 958 1188 996 aeterna
1199 959 1439 1012 permistione
1453 987 1462 1002 ‚
1498 963 1742 1014 permittente
1756 976 1840 1002 om-

1047 1014 1175 1055 nesab
1195 1016 1320 1055 Adam
1335 1015 1497 1056 naturali
1523 1016 1585 1057 via
1611 1032 1842 1074 propagatos

1047 1073 1175 1119 infici,
1202 1075 1279 1127 jam
1295 1073 1369 1130 ipia
1390 1078 1429 1114 in
1455 1089 1586 1115 mente
1617 1078 1725 1118 DEI
1746 1092 1840 1118 con-

1047 1145 1179 1187 cepta,
1213 1138 1253 1173 ὃ(
1275 1136 1314 1172 in
1328 1133 1475 1174 Divina
1490 1133 1688 1175 voluntate
1702 1151 1840 1191 praeot-

1047 1189 1179 1230 dinata
1191 1204 1280 1230 erat.
1311 1205 1424 1245 atque
1445 1191 1537 1231 hinc
1554 1192 1628 1237 est,
1662 1193 1771 1248 quod
1798 1194 1842 1236 li-

1048 1246 1111 1288 cet
1122 1252 1160 1287 in
1186 1248 1376 1304 profunda
1394 1249 1459 1290 illst
1493 1249 1639 1305 abyffo,
1674 1266 1719 1292 ac
1753 1267 1840 1308 pro-

1049 1304 1166 1347 fluvio
1179 1306 1374 1363 originalis
1399 1312 1546 1363 pcccati
1564 1308 1738 1351 submersi
1762 1310 1842 1352 fue-

1048 1367 1126 1405 rint
1144 1380 1280 1405 omnes
1303 1366 1351 1406 ab
1373 1366 1526 1406 Adamo
1553 1372 1768 1424 progeniti,
1800 1383 1841 1412 ut

1047 1425 1087 1462 in
1110 1422 1212 1464 sensu
1225 1423 1389 1479 mystico
1403 1425 1450 1464 de
1473 1423 1544 1465 illis
1563 1427 1726 1483 intelligi
1759 1427 1842 1483 poss

1047 1481 1119 1522 fint
1129 1497 1172 1522 ea
1182 1483 1306 1523 Exodi
1317 1483 1450 1525 verba:
1469 1483 1621 1539 submersi
1623 1485 1701 1539 fiant
1716 1487 1747 1524 z'n
1758 1487 1843 1527 mari
1850 1498 1874 1521 ῦ-
1883 1500 1925 1528 15·
1939 1501 1968 1520 V·
1981 1501 2010 1529 5·

28 1522 148 1599 &³2:41⁰
207 1540 303 1581 dum
348 1544 400 1580 ait
424 1555 431 1577 t
468 1540 609 1596 Abyffus
645 1539 787 1596 abyffum
830 1541 995 1580 invocat:
1047 1539 1161 1586 rubin,
1192 1541 1306 1596 Abyffi
1317 1553 1504 1599 operuerunt
1517 1558 1587 1587 eos,
1619 1543 1841 1593 descenderunt

205 1598 313 1653 quod
322 1601 452 1653 utique
463 1598 568 1638 idem
580 1597 656 1643 est,
687 1613 732 1638 ac
744 1598 892 1638 dicere:
924 1601 998 1638 im-
1046 1598 1304 1655 inprofimdum‚
1335 1600 1535 1657 quafilape's²
1565 1594 1774 1642 Beatiffima
1787 1616 1843 1643 ta-

204 1660 289 1715 pius
307 1656 356 1697 de
367 1670 529 1712 peccato
545 1660 585 1696 in
605 1670 810 1712 peccatum
828 1656 999 1713 prolabi·
1047 1671 1140 1697 men
1157 1660 1337 1699 Genitrix
1350 1689 1358 1705 ,
1392 1674 1438 1698 ex
1451 1658 1602 1714 speciali
1615 1659 1695 1714 Filij
1714 1660 1764 1701 iiii
1776 1660 1843 1702 be·

27 1741 157 1773 vaesb·
200 1730 279 1762 -tur,
307 1714 389 1756 imo
411 1715 478 1755 cikm
489 1716 522 1755 in
538 1714 732 1771 profimdum
752 1716 879 1757 venerit
892 1742 903 1761 ,
925 1731 997 1756 con·
1047 1715 1213 1763 neficio,
1245 1720 1286 1757 in
1300 1719 1573 1773 Conceptione
1584 1717 1846 1776 suafiibmergi

31 1789 146 1820 18.v.3.
202 1774 324 1816 temnit.
1047 1785 1132 1814 non
1157 1778 1285 1831 potuit
1304 1804 1315 1821 ,
1346 1774 1426 1831 ipsa
1464 1775 1646 1817 dicente:
1683 1777 1845 1818 Nondum

288 1832 334 1872 In
365 1831 432 1871 has
465 1833 578 1887 igitur
609 1830 746 1888 Abyffis
767 1860 777 1876 ,
819 1830 994 1886 quamvis

202 1894 330 1931 omnis
343 1891 482 1930 Adami
494 1893 717 1945 progenies,
743 1902 827 1929 tum
844 1905 911 1945 per
923 1904 995 1929 no-

201 1964 292 1989 xam
324 1946 554 2004 originalem
576 1973 587 1990 2
624 1961 709 1987 tum
743 1961 810 2003 per
836 1947 996 1987 astualia

202 2022 362 2063 peccata
398 2004 573 2060 quotidie
604 2005 773 2050 labatur,
805 2008 996 2046 aeterniim

202 2065 305 2106 certe
322 2064 544 2105 damnanda
558 2093 570 2110 ,
607 2064 675 2105 nifi
696 2065 997 2104 DEuMhomi-

203 2139 295 2164 nem
307 2123 372 2164 fibi
385 2122 630 2164 liberatorem
642 2153 652 2169 ,
675 2137 758 2163 tum
774 2137 840 2178 per
848 2126 994 2179 Baptis-

203 2186 258 2222 mi
290 2182 433 2228 undas,
461 2195 543 2222 tum
574 2196 640 2237 per
666 2184 910 2222 Poenitentiae
940 2180 994 2222 la-

200 2241 379 2296 chrymas
413 2239 639 2280 reconciliet
656 2269 667 2286 ,
695 2254 828 2280 tamen
858 2239 995 2280 Beatis-

199 2299 292 2340 fima
305 2301 488 2339 Numinis
500 2301 679 2339 Genitrix
704 2312 939 2353 conceptam
961 2298 997 2339 se

200 2357 386 2413 gloriatur
422 2370 511 2397 ante
555 2355 701 2411 abyssos
721 2385 733 2402 ,
773 2357 943 2397 dicendo
984 2372 993 2395 ε

201 2416 358 2455 Nondicm
370 2430 461 2455 erant
472 2414 584 2471 abyffi,
617 2424 656 2457 &
686 2431 740 2470 ego
756 2416 828 2469 jam
847 2426 994 2471 concepta
1010 2460 1013 2462 μ

199 2490 285 2513 eram
301 2504 311 2520 ‚
337 2474 385 2514 eo
398 2473 502 2529 quod
518 2472 728 2527 antequam
743 2487 784 2512 in
800 2471 882 2512 illas
893 2476 992 2513 inei-

1047 1846 1142 1872 erant
1151 1832 1269 1889 abyffi,
1300 1837 1450 1889 peccati
1481 1833 1677 1891 originalis
1693 1865 1703 1882 ‚
1736 1845 1775 1878 (9·
1789 1853 1844 1893 ego

1038 1891 1111 1945 jam
1130 1903 1277 1948 concepta
1288 1908 1393 1938 eram,
1412 1895 1452 1932 in
1463 1907 1595 1934 mente
1606 1896 1712 1935 DEI.
1742 1896 1844 1936 Haec

1045 1952 1182 1989 omnia
1203 1949 1351 2005 optime
1365 1948 1606 2006 perpendens
1621 1955 1746 1995 Divus
1769 1969 1843 1994 no-

1046 2005 1119 2046 ster
1143 2012 1313 2058 Joannes
1351 2009 1638 2056 Damascenus,
1668 2015 1840 2067 Virginis

1046 2064 1202 2106 illibata?
1213 2065 1333 2106 cliens
1345 2068 1602 2108 devotiffimus
1614 2098 1623 2114 ,
1643 2072 1838 2124 aslARJA,
1851 2082 1974 2112 Grande

1045 2126 1110 2169 ait,
1123 2124 1236 2188 stattim
1251 2125 1292 2164 ab
1306 2127 1395 2190 initia
1402 2127 1519 2182 gratiae
1529 2125 1669 2183 abyfficm
1681 2129 1806 2167 inwenit
1826 2158 1836 2174 ‚
1853 2121 1987 2162 Affumpt.

1044 2197 1110 2238 quae
1119 2198 1261 2221 ammam
1280 2184 1452 2224 nonmmics
1462 2214 1472 2230 ‚
1495 2186 1590 2241 qutim
1602 2197 1711 2241 corpus
1723 2190 1765 2225 V
1763 2187 1841 2243 irgi-

1047 2256 1140 2279 neum
1151 2240 1320 2296 custodiret.
1353 2243 1522 2297 &quid‚
1551 2243 1842 2301 fiMAmAMjp-

1046 2296 1125 2339 iam
1149 2299 1261 2355 Abyffi
1278 2305 1442 2341 nomine
1467 2301 1724 2357 appellarem?
1757 2318 1841 2344 non

1045 2372 1211 2397 errarem
1225 2358 1326 2398 certe
1338 2385 1348 2401 ‚
1380 2362 1471 2399 cum
1486 2360 1534 2400 ab
1545 2361 1627 2415 ipfis
1649 2365 1766 2402 etiam
1779 2365 1838 2404 SS.

1044 2415 1214 2456 Patribus
1226 2415 1294 2457 tali
1314 2416 1531 2472 frequenter
1546 2422 1707 2460 nomine
1728 2420 1839 2462 fuerit

1041 2472 1243 2515 honorata.
1279 2477 1464 2518 Audiatur
1486 2477 1695 2518 Anastafius
1727 2482 1837 2520 Sina-

200 2533 328 2576 deret,
363 2535 440 2587 jam
463 2531 612 2573 Divina
637 2545 834 2587 praeventa
845 2531 988 2587 gratia,

202 2606 267 2646 per
285 2591 451 2631 eandem
464 2590 575 2631 fuerit
599 2590 647 2631 ab
665 2592 776 2630 omni
798 2603 959 2645 peccato
979 2619 991 2635 ,

201 2663 283 2689 tum
321 2648 521 2705 originali,
557 2663 641 2689 tum
670 2647 809 2689 achali
841 2651 993 2704 penitus

201 2706 441 2762 praeiervata2
470 2707 701 2753 &liberata,
731 2705 856 2762 ficque
870 2706 993 2764 fingu-

201 2765 327 2806 lariter
350 2780 558 2823 concepta,
603 2780 646 2807 ut
672 2765 768 2823 abyffi
788 2764 897 2806 nullo
922 2781 992 2807 un-

200 2838 318 2877 quam
334 2838 539 2865 momento
563 2825 709 2880 aliquid
736 2827 824 2879 juris
847 2827 889 2864 in
904 2840 993 2866 eam

196 2882 266 2922 sibi
282 2882 485 2922 vendicare
514 2887 722 2939 potuerint.
781 2885 900 2924 Aiunt
925 2889 991 2935 Ju-

201 2943 361 2996 risperiti
378 2969 388 2986 ‚
420 2945 638 2995 negativam
660 2955 810 2998 partem
827 2945 868 2982 in
894 2958 990 2982 con-

200 2999 384 3052 troverfijs
396 2998 558 3039 difficilis
579 3001 796 3042 admodum
814 2999 885 3041 effe
904 3016 993 3057 pto-

200 3057 385 3103 bationis5
408 3056 510 3098 unde
527 3057 604 3098 hoc
622 3060 856 3115 potiffimum
868 3058 990 3116 supet‘

198 3116 254 3156 est
280 3116 492 3156 remedium
505 3144 515 3161 ,
546 3130 588 3156 ut
611 3118 801 3159 accusatus
820 3118 959 3174 probet
978 3147 989 3165 ,

197 3177 287 3217 cnm
299 3174 481 3222 delictum
491 3173 556 3216 sibi
569 3176 788 3233 impolitum
799 3190 992 3234 patratum

1040 2534 1116 2572 ita:
1145 2532 1286 2590 Abyffics
1296 2535 1335 2588 est
1349 2537 1551 2591 MARIA,
1577 2552 1619 2575 ex
1634 2536 1700 2593 quc?
1714 2538 1834 2593 Angeli
1847 2531 1912 2566 1⁰4·
1931 2534 2007 2562 ΑΜ·

1041 2603 1156 2631 ‘verum
1191 2592 1292 2646 fiilem
1325 2609 1470 2633 exortum
1494 2593 1658 2634 viderunt.
1692 2599 1833 2651 pariter
1846 2580 2002 2651 ᾗῖξριῗοω

1041 2650 1235 2690 Henricus
1256 2651 1345 2692 suso
1371 2669 1378 2692 :
1421 2651 1561 2709 Algyffits
1581 2653 1766 2707 inexhausta
1785 2653 1833 2693 di·
1847 2670 1949 2700 Medic.
1967 2672 2003 2701 de

1040 2709 1126 2749 'winae
1150 2708 1359 2764 mifiricordiae
1372 2712 1564 2766 MARIA.
1594 2727 1684 2752 cum
1697 2712 1833 2766 quibus
1846 2710 1980 2756 ⁶⁰¹¹¹P²ffi
1994 2715 1995 2719 ¹

1041 2765 1270 2809 doffiffimus
1286 2772 1404 2809 etiam
1416 2769 1528 2812 sentit
1546 2770 1670 2810 Idiota
1682 2799 1692 2815 ‚
1724 2770 1832 2825 Abyfi
1847 2752 1890 2781 M.

1029 2825 1088 2880 fi⁴S
1099 2826 1299 2881 inquiens,
1332 2828 1507 2868 multarum
1524 2829 1706 2883 graciarum
1728 2830 1831 2867 MA.
1843 2849 1876 2878 de
1885 2852 1961 2880 B·v.

1038 2886 1140 2939 RIA
1152 2911 1163 2928 ‚
1193 2901 1235 2923 ex
1249 2902 1312 2941 qua
1328 2897 1509 2942 peccatores
1519 2886 1672 2925 hauriunt
1686 2888 1829 2941 gratiam
1843 2900 2002 2929 p.14.c0n-

1038 2941 1227 2998 inceffimter.
1252 2943 1343 2985 ficut
1358 2958 1487 2985 autem
1507 2973 1517 2989 ,
1548 2943 1717 2984 formato
1733 2943 1830 2986 olim
1845 2933 1942 2971 tempi.
1953 2944 2002 2970 ²⁴·

1039 3000 1222 3056 sphaerico
1242 3001 1319 3042 hoc
1343 3002 1515 3047 mundo,
1547 3002 1640 3044 dum
1662 3002 1831 3044 tenebrae

1041 3057 1193 3099 fuissent
1214 3058 1321 3115 super
1344 3059 1485 3101 faciem
1506 3059 1604 3116 abyffi
1621 3091 1632 3107 ,
1670 3076 1752 3101 non
1776 3062 1830 3102 est

1042 3116 1259 3173 aspernatus
1280 3121 1438 3174 Spiritus
1454 3120 1621 3160 Domini
1634 3119 1762 3160 volare
1774 3120 1828 3160 su-

1041 3174 1199 3274 perillciis
1216 3191 1330 3232 aquas
1347 3202 1358 3222 ³
1390 3175 1473 3223 imo
1494 3177 1641 3222 tamdiu
1662 3177 1765 3234 super
1786 3180 1828 3231 ijs

1099 3235 1140 3275 D
1200 3248 1216 3285 3
1320 3236 1329 3247 “
1720 3233 1801 3275 fiab-
