2164 3413
110 621 178 646 Bern
183 639 191 647 .

111 660 200 689 Semi.
208 669 234 689 ι.

108 701 187 731 Petit.

106 1476 153 1515 10.
162 1485 185 1508 c.
192 1485 234 1511 ¹9-

110 1529 139 1552 ν,
149 1528 194 1554 27·

111 1671 142 1703 in
151 1672 226 1705 hunc

110 1713 169 1756 loc.

323 120 392 175 30

281 200 499 243 Dominus,
529 203 595 254 qui
620 215 709 241 cum
738 203 948 240 innocente
970 197 1072 253 Jose-

284 255 364 311 pho
379 255 481 297 fuiffe
496 257 631 314 legitur
655 288 665 304 ,
696 257 808 297 fuerit
837 257 963 298 multo
992 272 1074 298 ma-

279 313 335 369 gis
354 330 444 355 cum
456 319 624 363 Mirm,
655 314 835 357 Gabriele
852 316 1074 356 attestante:

280 374 442 412 Dominus
456 384 571 421 tecum,
642 377 722 429 Qi
741 377 910 430 Virginis
937 373 1076 430 specia-

279 429 415 471 liffime
430 432 611 477 misertus,
633 432 741 473 dedit
759 435 792 471 ei
809 435 970 488 gratiam
983 447 1078 488 prae-

284 493 530 534 venientem,
562 491 610 530 ab
631 489 742 531 omni
779 488 926 546 prorsus
966 489 1078 546 culpa

284 547 592 602 praeservativam.
670 550 779 589 Hinc
804 547 977 603 quamvis
1006 563 1077 588 nos

283 620 421 646 omnes
439 608 473 646 in
493 622 580 646 utero
595 606 761 650 damnati,
787 606 957 663 antequdm
984 608 1076 652 mm',

285 665 362 721 quia
376 664 414 704 de
415 676 565 722 peccato,
596 673 635 708 ώ-
649 666 682 705 in
686 677 813 722 peccato
824 665 971 721 concepti,
983 664 1077 721 pritis

285 723 628 780 lumenperdiderimm
639 724 755 780 gratiae
766 725 785 777 ξ,
803 723 975 780 qudmftui
997 723 1076 762 licu-

283 782 346 821 erit
360 782 475 822 lumzne
491 783 572 822 solis
582 811 592 828 ‚
623 795 754 823 tamen
766 780 973 837 specialiter
985 780 1007 821 a
1020 794 1076 821 ta-

288 838 316 882 li
335 839 610 887 damnatione,
641 856 685 880 ac
709 839 918 896 caliginosa
934 841 1076 895 princi-

283 901 340 955 pis
357 898 600 939 tenebrarum
620 898 811 944 custodi-A,
831 896 1076 954 praeservaba-

285 959 442 998 turMA
458 972 483 997 R
501 974 512 998 1
527 973 564 1003 A,
596 957 815 1010 tantojam,
856 960 897 995 in
911 954 1078 996 suacon-

283 1019 484 1071 ceptione,
515 1019 643 1072 gratiae
656 1014 800 1054 lumine
811 1013 1009 1069 illustrata,
1039 1027 1081 1054 ut

283 1077 507 1129 Conceptio
539 1076 694 1114 MARIAE
722 1072 843 1113 videri
870 1076 1039 1128 potuerit
1069 1101 1080 1117 ‚

285 1131 361 1189 ipsa
400 1134 624 1187 Conceptio
655 1134 793 1187 gratiae.
854 1133 998 1185 Atque,
1031 1129 1081 1170 ne

284 1192 405 1231 nimia
445 1190 616 1230 videatur
642 1189 724 1229 haec
745 1203 832 1228 mea
845 1188 1055 1245 propositio
1070 1217 1082 1234 ,

284 1244 402 1305 ipsam
411 1246 661 1293 Veritatem,e
673 1246 853 1287 cathedra
867 1249 1001 1288 Crucis
1024 1245 1082 1287 lo-

284 1320 484 1362 quentem,
515 1310 556 1346 in
569 1304 719 1360 hujusce
732 1308 897 1346 veritatis
910 1305 1083 1345 testimo-

285 1369 398 1406 nium
407 1365 585 1411 adduc03
615 1367 676 1405 Sic
687 1366 794 1404 enim
817 1362 838 1403 ὲ
850 1365 975 1404 Cruce
983 1377 1077 1419 pen-

286 1424 396 1464 dulus
435 1422 679 1478 Redemptor
701 1426 895 1473 Joannem
918 1421 1082 1475 alloqui-

288 1496 367 1523 tur:
400 1481 706 1521 EcceMatertua!
737 1482 798 1519 cui
819 1479 947 1519 statim
970 1483 1081 1521 Sacra

286 1540 442 1581 historia
453 1538 661 1594 subjungit:
686 1540 785 1577 Etex
796 1536 936 1577 illdhonz
951 1563 962 1580 ,
995 1553 1081 1578 acce-

280 1599 412 1657 piteam
430 1597 598 1654 discipulm
622 1597 657 1636 in
680 1595 753 1652 fim.
813 1598 963 1652 Qaerit
984 1595 1049 1636 hic
1068 1622 1081 1640 ,

286 1654 430 1699 devota
450 1654 663 1696 curiositate
679 1683 690 1700 ‚
717 1653 934 1695 Ambrosius
957 1671 966 1694 ε
1001 1658 1083 1712 Qae

277 1716 342 1773 fita
364 1714 500 1756 habebat
523 1716 665 1761 Joannes
679 1741 690 1758 ,
731 1714 784 1768 qui
812 1712 998 1754 mundana,
1045 1721 1086 1756 (9·

278 1773 453 1831 saecularia
478 1788 540 1811 non
555 1770 689 1811 habebat
709 1772 734 1810 fi
764 1774 824 1810 cui
846 1769 1004 1827 ipsemet
1028 1786 1084 1809 re-

287 1831 475 1889 spondet:
507 1834 587 1887 Qae
612 1846 682 1886 ergo
693 1827 906 1883 habebatfica,
936 1828 1084 1884 nifi,quae

287 1892 308 1930 ὰ
325 1890 437 1944 Christo
447 1883 645 1944 acceperat?
675 1890 785 1926 Donm
800 1886 894 1927 ‘verbi
909 1912 919 1929 ,
951 1888 1083 1943 Sapien-

289 1946 546 2004 tiaeq‘uepoffiſjor
558 1974 567 1992 ,
599 1945 698 1985 bonus
719 1957 856 2001 receptor
865 1946 992 2001 gratiae.
1035 1959 1081 1984 ac

286 2007 496 2049 fidiceret2
543 2009 724 2055 Joanncs,
750 2007 815 2058 qui
839 2004 1007 2044 Domini
1033 2002 1084 2043 {e-

287 2080 410 2121 quens
430 2061 587 2118 vestigia
605 2065 740 2102 omnia
756 2061 957 2115 reliquerat
987 2074 1085 2101 tem-

289 2121 455 2181 poralia,
478 2119 600 2160 {olum
630 2119 734 2159 bona
760 2119 825 2160 illa
841 2118 1051 2176 pofficlebat
1072 2148 1083 2165 ‚

288 2196 375 2237 qua:
386 2192 584 2236 acceperat
607 2176 794 2219 aChristo
807 2205 817 2223 ,
859 2191 1000 2232 nempe
1014 2176 1085 2217 bo-

290 2256 342 2281 na
357 2241 484 2296 gratiae
500 2267 510 2283 ,
544 2235 679 2292 quibus
697 2235 773 2275 hoc
806 2234 884 2290 ipso
902 2237 1085 2275 MARIAM

289 2310 522 2340 annumerat
534 2325 544 2342 ,
569 2294 663 2335 dum
673 2308 759 2333 eam
770 2292 792 2333 ἐι
803 2298 954 2345 Joanne
970 2296 1011 2332 in
1025 2291 1085 2333 {ua

294 2369 489 2413 receptam
528 2365 823 2394 commemorat.
884 2353 972 2392 Nec
1012 2355 1085 2391 im-

290 2413 434 2456 merito
454 2418 624 2465 Joannes
658 2413 824 2451 Mariam
854 2412 951 2450 inter
980 2408 1084 2450 bona

294 2476 423 2530 gratia:
453 2483 703 2515 annumerat,
734 2483 818 2523 quae
842 2481 1012 2513 tantam,
1044 2471 1085 2509 in

295 2531 375 2587 ipsa
393 2533 470 2585 jam
502 2530 783 2584 conceptione,
814 2525 981 2567 obtinuit
1004 2541 1087 2582 gra-

292 2593 387 2631 tiam
420 2592 460 2629 in
482 2586 686 2642 conspectu
704 2586 815 2631 DEI,
846 2598 887 2625 ut
902 2586 1085 2625 Mirum

292 2649 450 2703 concipi
479 2643 638 2702 perinde
671 2643 806 2689 fuerit,
836 2657 879 2683 ac
911 2642 938 2683 fi
967 2646 1087 2699 gratia

291 2708 559 2762 conciperetur
583 2721 593 2749 ·,
625 2702 673 2742 sic
700 2705 808 2742 enim
839 2703 1086 2757 concipiente

292 2763 408 2810 Annei,
437 2762 476 2802 id
486 2761 561 2807 est,
588 2759 707 2801 Gratia
726 2789 737 2805 ‚
768 2759 861 2814 quid
882 2757 984 2800 aliud
1005 2773 1085 2800 erat

294 2820 603 2880 producendum,
625 2816 742 2872 quam
756 2820 896 2874 gratia?
928 2823 969 2859 ὅς
984 2832 1084 2858 non-

293 2880 344 2922 ne
365 2881 443 2921 hoc
455 2878 575 2936 ipsum
590 2875 789 2917 manifeste
804 2874 941 2932 probat
952 2904 963 2921 ,
994 2878 1088 2916 MA-

293 2952 398 2980 R1AM
411 2968 421 2985 ,
451 2936 542 2978 licet
561 2940 600 2976 in
620 2933 780 2976 obscuro
797 2934 924 2974 adhuc
949 2947 1087 2974 mater-

294 2999 602 3037 niutericarcere
617 2992 870 3037 reconditam,
891 2993 969 3046 jam
989 2995 1087 3039 tum,

294 3061 336 3095 in
358 3053 561 3109 conspectu
582 3049 759 3095 Coelestis
776 3053 972 3113 Principis,
1003 3064 1087 3106 gra-

295 3116 391 3155 tiam
412 3110 613 3152 obtinuisse
630 3123 641 3150 ?
670 3108 792 3164 Qod
804 3108 829 3149 si
847 3108 1014 3164 Jolepho
1028 3107 1086 3149 illi

292 3173 542 3229 AEgyptiaco,
571 3167 691 3226 gratia
708 3171 749 3210 in
760 3166 962 3225 conspeetu
980 3169 1090 3218 Prin2
1143 3187 1146 3189 *

674 103 765 163 De
783 102 1074 183 Concepta
1096 88 1512 187 SacraDeipani,

1121 205 1215 259 cipis
1247 208 1404 245 carceris
1437 204 1596 247 obtenti
1614 235 1623 250 ,
1656 202 1783 245 traditi
1816 198 1913 241 insu-

1122 274 1191 316 per
1232 261 1403 309 fuerunt,
1436 278 1478 305 ut
1520 263 1625 320 supra
1662 264 1914 303 narravimus,

1122 320 1263 376 univerfi
1283 322 1404 364 winili,
1426 324 1480 377 qui
1500 323 1533 361 in
1545 321 1680 376 custodia*
1703 318 1914 360 tenebamur:

1124 378 1273 418 Nonne
1285 383 1402 419 etiam
1417 380 1573 421 tradidit
1592 381 1752 424 DEUS,
1781 380 1822 417 in
1833 388 1916 415 ma-

1124 447 1276 476 ternam
1322 437 1577 479 immaculatae
1609 439 1778 493 Virginis
1829 447 1919 490 pro-

1126 495 1334 535 tectionem
1359 522 1369 538 ‚
1402 510 1539 536 omnes
1579 509 1799 552 peccatores
1820 521 1830 538 3
1861 490 1920 530 fu‘

1127 550 1238 593 nibus
1260 553 1488 594 delicstorum
1512 553 1663 595 suorum
1692 549 1825 593 misere
1847 547 1921 589 illi·

1126 623 1263 664 gatos?
1293 611 1454 652 testante
1473 610 1636 670 idipsum
1670 614 1702 653 S.
1716 610 1884 667 Ephrem
1910 623 1919 647 :

1126 669 1179 707 Ἧι
1203 671 1405 727 captivorum
1429 669 1619 728 redemptio,
1652 679 1691 712 (9-
1707 669 1845 709 omnium
1860 665 1921 720 sa·
1935 662 2061 710 05²5&

1124 726 1186 767 lm.
1247 728 1427 769 Tradidit
1448 731 1549 770 certe
1561 732 1719 784 MixmAE
1741 741 1807 767 eos
1828 739 1923 782 prae-
1938 710 2052 747 V¹¹g¹¹²'

1125 784 1252 827 strtim
1300 789 1470 834 vinekos,
1502 791 1568 842 qui
1602 783 1924 842 frequentioribus

1126 844 1331 902 petulantis
1352 848 1475 886 carnis
1515 844 1676 886 stimulis
1719 844 1925 900 exagitati,

1126 902 1181 943 ob
1207 903 1415 960 indignum
1448 907 1545 945 tanti
1564 902 1695 961 flagiti]
1718 900 1901 943 assensum
1916 925 1928 945 2

1130 960 1277 1002 diaboli
1307 961 1379 1003 sest:
1405 964 1601 1018 mancipia
1628 959 1730 1002 ultro
1751 958 1930 1001 reddide-

1131 1034 1241 1068 runt,
1288 1024 1444 1062 veniam
1465 1020 1568 1062 haud
1590 1018 1706 1061 dubie
1726 1048 1738 1066 ,
1776 1033 1822 1059 ac
1845 1031 1931 1074 gra-

1132 1081 1227 1120 tiam
1243 1108 1254 1125 ,
1285 1081 1327 1119 in
1357 1078 1561 1136 conspeetu
1581 1080 1767 1135 Principis
1795 1074 1929 1118 Coele-

1130 1135 1195 1177 stis
1211 1166 1221 1183 ,
1253 1151 1364 1179 tanto
1385 1140 1554 1194 Virginis
1578 1136 1776 1178 mediante
1805 1132 1928 1192 praefi-

1131 1195 1201 1236 dio
1218 1222 1230 1240 2
1268 1196 1523 1243 obtenturos,
1564 1195 1590 1236 fi
1616 1198 1746 1241 enim,
1766 1192 1931 1234 testante

1132 1253 1350 1311 Apostolo,
1380 1258 1598 1296 incarnatus
1629 1254 1747 1294 DEI
1777 1250 1892 1293 Filius
1916 1275 1932 1296 ‚

1131 1312 1294 1369 quando
1310 1313 1445 1356 orabat
1474 1328 1545 1371 pro
1568 1311 1680 1354 nobis
1701 1313 1854 1352 Patrem
1879 1323 1931 1350 ae-

1132 1385 1309 1421 ternum,
1340 1372 1411 1414 fuit
1448 1371 1669 1416 exauditus,
1714 1368 1768 1410 ob
1808 1367 1930 1425 respe-

1130 1432 1237 1472 &um
1262 1432 1487 1473 reverentiae
1521 1444 1610 1486 erga
1630 1427 1775 1470 filium:
1804 1429 1929 1467 Exau-

1130 1487 1219 1529 ditm
1239 1490 1280 1544 est'
1298 1519 1309 1537 ,
1332 1501 1394 1547 pro
1413 1488 1478 1546 fied*
1497 1486 1682 1530 rewerentiae
1701 1512 1715 1531 2
1745 1488 1835 1542 quia
1859 1483 1929 1525 sci-

1131 1546 1223 1589 licet
1249 1551 1291 1588 in
1316 1561 1427 1588 tanto
1457 1545 1529 1589 fiiit
1567 1544 1734 1602 respectu
1762 1546 1928 1586 caracter

1131 1605 1196 1661 filij
1249 1605 1351 1663 apud
1375 1607 1552 1652 Patrem,
1582 1618 1624 1646 ut
1643 1602 1700 1644 nil
1722 1601 1930 1660 ipfivolue-

1133 1667 1182 1705 rit
1201 1690 1215 1711 ‚
1245 1678 1310 1706 aut
1334 1667 1503 1721 potuerit
1530 1677 1671 1720 negare
1689 1691 1701 1708 ‚
1731 1661 1815 1703 imo
1838 1675 1926 1702 om-

1134 1726 1199 1764 nia
1231 1725 1273 1763 in
1305 1737 1442 1763 manus
1473 1723 1551 1777 ejus
1579 1719 1816 1777 reposuerit:
1848 1723 2036 1770 ωτι-μιῇ

1133 1781 1189 1821 nia
1218 1780 1305 1822 dedit
1329 1783 1358 1822 ei
1381 1784 1487 1821 Pater
1509 1781 1544 1820 in
1567 1793 1698 1820 manus.
1773 1781 1835 1821 Sic
1863 1776 1926 1834 pie
1938 1782 2002 1811 '⁰³’

1133 1839 1352 1885 confidere,
1383 1854 1428 1880 ac
1456 1836 1804 1894 cumisupracitato
1828 1835 1930 1879 Mel-

1134 1896 1242 1939 lifluo
1284 1896 1460 1939 Doe‘iore
1479 1927 1490 1944 ,
1525 1895 1760 1937 concludere
1808 1893 1933 1950 possu-

1133 1970 1246 1998 mus:
1274 1955 1467 1996 Exauditur
1496 1967 1557 2012 pro
1586 1952 1770 1994 re‘r<·7·e,²mz'aA
1800 1953 1929 1996 Elius,

1135 2014 1325 2056 exaudietur
1346 2016 1518 2057 &Macer
1532 2042 1543 2059 ‚
1575 2012 1631 2052 nil
1654 2011 1894 2068 ipii'negabit
1914 2039 1925 2056 ‚

1135 2076 1269 2114 omnia
1290 2071 1397 2113 dabit
1416 2074 1452 2112 ei
1479 2073 1589 2113 Pater
1611 2073 1651 2110 in
1678 2084 1836 2116 manus,
1882 2068 1927 2109 fi-

1133 2145 1199 2172 cut
1209 2133 1389 2187 Princeps
1409 2128 1473 2170 ille
1491 2131 1667 2173 carceris,
1692 2130 1839 2169 vinctos
1851 2141 1927 2169 tra-

1135 2189 1234 2230 didit
1259 2192 1300 2228 in
1329 2202 1447 2230 manu
1465 2186 1606 2244 Joieph
1626 2216 1636 2232 ‚
1668 2189 1829 2243 gratiam
1853 2185 1925 2227 ob-

1136 2251 1292 2291 tinentis
1309 2253 1382 2290 &e

1312 2343 1352 2409 §.
1373 2353 1426 2395 2.
1460 2336 1757 2393 Authoritas.

1133 2477 1172 2511 B.
1191 2458 1447 2510 AnsbertVs
1475 2457 1723 2517 DeIparaM
1743 2452 1925 2520 CVLpa

1394 2525 1629 2577 LIberans.
1863 2529 1870 2541 ·

1944 1413 2042 1447 Haebr.
2064 1415 2093 1455 52

1942 1467 1970 1487 v.
1978 1467 2014 1495 7.,

1135 2644 1221 2684 ‘Iota
1250 2638 1388 2698 pulchra
1420 2652 1454 2677 es
1472 2661 1484 2680 ‚
1523 2640 1563 2678 ἐν
1585 2633 1712 2675 macula
1735 2650 1796 2676 non
1820 2636 1863 2691 est
1889 2638 1925 2678 in

1193 2701 1254 2746 Te,
1275 2713 1331 2739 nec
1348 2691 1565 2754 'viczffitudim's
1576 2692 1781 2737 obumbratio,
1810 2694 1848 2734 id
1861 2697 1902 2751 (β
1911 2721 1927 2740 ,

1189 2771 1226 2800 ut
1249 2756 1333 2798 nullo
1364 2767 1503 2812 unquam
1531 2751 1680 2808 temporis
1709 2752 1859 2807 irstantss,
1881 2753 1928 2794 ab

1191 2815 1307 2857 umbre?
1336 2813 1382 2854 ad
1408 2814 1526 2855 lucem,
1545 2810 1567 2849 ὰ
1598 2810 1665 2848 luce
1698 2808 1746 2850 ad
1759 2813 1898 2853 tenebrat
1911 2837 1927 2856 2

1194 2874 1368 2915 mutatione
1386 2887 1429 2911 ex
1449 2869 1512 2910 alio
1534 2866 1581 2907 ad
1596 2867 1691 2908 aliud
1708 2897 1718 2915 ‚
1753 2870 1925 2931 tranfiqm,

1192 2935 1233 2973 in
1253 2944 1369 2989 caput
1381 2945 1406 2971 1.
1429 2926 1546 2985 Epist,
1558 2931 1635 2980 Jac.
1659 2942 1697 2975 v,
1715 2941 1769 2983 ¹7·

1486 3041 1578 3099 *Q*
