2164 3413
60 171 127 204 Psal.
135 177 212 219 4423

729 98 1054 184 Conceptus
1133 99 1315 165 LXV.

227 185 298 242 osus·
323 188 440 242 forma*
469 202 538 247 prae
567 191 651 249 filijs
698 194 858 238 hominum
882 216 894 239 :
933 203 1025 256 cujus

225 243 509 301 pulchritudini
525 250 551 290 fi
571 265 700 293 meam
713 270 936 312 comparare
947 259 1024 300 stu-

228 302 376 349 duero,
407 307 583 361 quamvis
607 317 844 368 caeteroquin
869 318 1023 374 compul-

226 360 328 405 cbra,
361 377 445 405 tota
459 365 537 407 fine
563 369 735 415 macula,
749 372 831 414 imo
843 375 1021 431 pulcherri-

227 434 281 458 ma
299 420 384 461 inter
402 439 507 463 omnes
520 425 716 472 mulieres&
731 430 859 478 dicar,
890 434 1020 482 &firm

225 480 379 534 nigram
399 494 533 523 tamen
552 513 563 529 ,
597 491 638 528 ὃς
659 487 877 531 deformem
893 497 1022 534 omni-

226 535 304 582 no,
339 538 506 595 respec‘tu
545 541 664 591 illius,
697 562 761 587 me
803 549 987 605 profiteor
1012 563 1021 590 t

215 595 359 651 formqsa
374 599 555 652 quidem,
582 602 609 642 fi
631 619 721 646 cum
741 611 920 649 creaturis
942 616 1026 665 qui-

225 652 473 712 buscunc'lue,
500 660 614 716 nigra,
647 663 774 705 ficum
786 668 903 708 DEO
914 682 1023 709 com-

222 726 358 768 ponat.
419 718 508 758 Nec
521 722 674 776 nigrum
687 722 833 780 semper
848 725 1023 768 colorem

223 770 324 813 adeo
336 771 578 830 despestum‚
606 795 652 821 ac
666 781 875 825 infaustum
901 786 1025 827 credi-

224 842 288 876 te3
321 834 659 885 quemadmodum
678 844 786 882 enim
807 844 854 897 ij,
886 848 951 899 qui
973 841 1022 886 ad

224 892 620 945 metamjaculantur‚
651 899 707 939 nil
729 905 851 957 magis
876 901 1021 945 defidea

223 962 311 989 rant
325 978 336 995 ‚
364 965 409 991 ac
422 967 632 1009 exoptant,
663 956 782 1013 quam
796 974 836 1001 ut
857 961 906 1001 ad
928 978 1021 1003 cen-

220 1019 323 1048 trum
348 1014 572 1068 pertingant
596 1044 606 1060 ,
633 1015 693 1056 seu
717 1021 903 1073 punctum
923 1020 1020 1062 illud

223 1069 400 1114 unicum,
434 1073 548 1126 nigro
560 1072 789 1131 plerumdue
804 1078 937 1119 colore
950 1080 1020 1137 fig-

221 1138 381 1172 natum,
412 1130 517 1182 cujus
536 1135 678 1174 attactu
712 1138 911 1178 victoriam
929 1154 1021 1180 cum

219 1187 384 1238 praemio
408 1201 483 1241 prae
498 1188 653 1244 reliquis
672 1208 873 1249 reportant
886 1223 897 1240 ,
929 1196 1018 1254 dec'p

220 1240 354 1283 colore
378 1243 447 1285 illo
477 1247 566 1303 nigro
589 1248 656 1290 fibi
698 1251 918 1296 faustiffimo
940 1272 1025 1299 non

220 1302 357 1355 parum
400 1303 617 1359 gloriantur
643 1327 652 1355 3
686 1310 734 1351 fic
760 1312 859 1353 mihi
890 1321 930 1357 ὃς
951 1331 1027 1372 ego

218 1372 297 1414 prae
312 1360 467 1416 reliquis
479 1365 661 1408 omnibus
672 1370 850 1425 gratulari
861 1372 1026 1429 possum,

216 1416 267 1456 de
289 1423 434 1474 punito
446 1424 731 1481 Conceptionis
749 1444 859 1477 meae,
887 1447 1024 1487 quam-

220 1474 277 1516 vis
299 1478 408 1533 mgro,
437 1495 574 1538 utpote
599 1487 640 1525 in
686 1500 797 1530 utero
841 1505 1022 1534 materno

220 1536 350 1575 omnis
366 1538 493 1580 adhuc
509 1540 602 1582 lucis
615 1559 771 1600 experte
789 1577 801 1594 ,
834 1550 941 1603 quod
959 1555 1019 1591 ni-

216 1597 362 1635 mirum
386 1595 463 1638 sola
477 1628 489 1645 ‚
522 1599 784 1646 aberrantibus
802 1608 843 1647 in
863 1609 1019 1652 Adamo

217 1656 364 1695 caeteris
375 1657 557 1699 omnibus
568 1689 579 1705 ,
591 1661 736 1715 atquea
753 1667 871 1708 DEO
881 1694 892 1713 ,
923 1684 1017 1710 cen-

215 1722 278 1751 tro
294 1711 381 1760 suo,
411 1729 479 1770 per
514 1723 872 1772 praevaricationem
893 1725 1015 1785 longe

217 1769 485 1818 recedentibus
500 1802 511 1821 ‚
528 1775 766 1821 direstiffime
776 1787 884 1839 tetigi
896 1814 906 1830 ‚
933 1787 1014 1840 jam

216 1840 301 1868 tum
303 1830 469 1886 formofi1‚
504 1836 681 1889 quamvis
706 1840 821 1896 nigra,
854 1848 894 1884 &
921 1859 1013 1886 nec-

214 1886 312 1927 dum
328 1891 368 1928 in
381 1889 509 1932 lucem
533 1893 659 1941 edita,
687 1902 777 1951 quia
797 1900 889 1956 pure
917 1918 1015 1945 con-

211 1959 334 2001 cepta.
397 1951 437 1990 O
458 1950 621 2007 dignum
649 1956 757 1997 tanta
781 1960 929 2014 Sponsa
956 1979 1014 2003 re,

210 2002 389 2059 sponium
403 2012 410 2046 ἔ
442 2011 482 2050 O
495 2011 704 2054 candidam
713 2017 808 2072 nigrae
820 2021 990 2076 Virginis
1003 2049 1014 2066 ‚

213 2061 277 2102 sed
291 2063 436 2120 fhrmofie
461 2082 637 2111 mentem
671 2077 678 2112 !
709 2076 847 2132 Pergat
889 2080 1014 2121 modo

211 2122 389 2177 praefatus
405 2127 595 2169 Martialis
610 2130 757 2173 dicere:

299 2204 372 2243 Ηίε
394 2206 484 2263 niger
503 2209 543 2261 est
554 2209 636 2251 hunc
647 2227 683 2252 tu
701 2215 852 2270 quane
873 2221 1012 2258 caveto!

211 2279 342 2322 dicam
367 2299 441 2341 ego
466 2287 630 2343 idipsum
660 2292 710 2333 de
744 2297 904 2352 Virgine
921 2326 931 2343 ,
960 2297 1010 2338 ab

210 2340 325 2381 omni
341 2341 426 2384 labe
434 2347 625 2401 puriffima
649 2367 658 2390 z

296 2425 382 2465 Haec
431 2428 522 2483 nigra
546 2430 587 2486 est
602 2459 613 2476 ,
646 2431 727 2472 hanc
762 2447 799 2473 tu
845 2435 1008 2476 Mariane

436 2499 550 2526 caveto
569 2489 584 2527 .'

208 2557 285 2597 Sed
297 2560 389 2614 quid
403 2574 414 2602 .>
431 2563 575 2620 ergone
586 2566 804 2609 cavendum
816 2571 888 2609 erit
899 2570 948 2611 ab
960 2571 1005 2612 il-

208 2613 266 2657 la,
301 2621 403 2672 cujus
416 2622 529 2663 toties
539 2625 682 2680 pulsare
695 2626 794 2666 fores
806 2653 818 2671 2
848 2627 897 2668 ab
907 2631 1004 2684 ejus-

208 2688 284 2727 que
295 2681 469 2721 materna
490 2683 750 2726 misericordia
777 2700 896 2742 opem
909 2703 1004 2745 prae-

207 2731 336 2775 stolari
385 2739 532 2781 necesse
578 2743 764 2785 habemus
801 2758 813 2785 ?
867 2750 1004 2790 vetum

207 2793 348 2890 (somni
365 2811 518 2841 remoto
544 2800 750 2855 scandalo)
785 2803 886 2851 audi,
909 2808 1004 2862 quid

221 2865 390 2894 entiam:

289 2933 367 2986 N
363 2936 485 3007 igne,
516 2967 554 2990 ac
561 2940 771 3013 fhrmcsae
791 2955 860 2997 cicm
874 2957 1002 2998 venere}

434 3021 510 3046 ame
520 3009 688 3065 figuram,

356 3094 580 3134 Praetereundo
607 3102 730 3139 Cave
746 3089 766 3137 s
795 3102 847 3143 N
851 3103 893 3145 Β.
909 3100 999 3157 nefi-

427 3164 533 3205 leacur
547 3173 660 3210 ave,

1750 125 1830 171 221

1072 199 1226 246 Caveto
1237 201 1438 261 praeterea,
1463 211 1621 261 tangere
1642 234 1653 252 ‚
1680 220 1725 248 ac
1747 211 1870 265 impe-

1073 271 1180 309 tere,
1213 260 1404 319 pertinaci
1434 276 1600 310 conatu,
1633 264 1712 306 hoc
1744 269 1869 324 nigrum

1071 323 1259 377 'punctum
1270 322 1431 362 honoris
1446 322 1639 378 Deiparae‚
1655 325 1782 378 jaculo
1795 328 1870 367 lin-

1068 393 1177 435 guae,
1207 380 1277 420 nifi
1307 394 1426 434 quam
1453 379 1596 421 habere
1618 395 1770 438 poteras
1796 390 1870 426 mi-

1070 437 1282 480 sericordiae
1308 452 1493 484 matrem,
1525 439 1619 480 velis
1658 440 1870 498 aliquando

1071 500 1235 553 experiri
1255 499 1463 554 impietatis
1482 496 1669 540 ultricem.

1254 612 1294 677 §.
1317 625 1370 669 2.
1403 610 1704 667 Authoritas.

1133 722 1232 772 IVo
1266 725 1618 784 CartnotensIS,
1653 730 1829 791 eraM
1897 742 2026 800 450.

1346 795 1570 842 DoCens.

1070 874 1237 935 Qomodcl
1271 877 1426 918 Matrem
1459 881 1567 920 carnis
1596 881 1663 936 sicce
1691 885 1799 924 Sanni
1822 902 1875 925 ca-

1191 936 1279 975 verit
1298 963 1309 981 ,
1339 934 1480 994 deinceps
1501 938 1673 979 audiamus
1697 969 1708 986 ‚
1735 957 1771 982 ut
1804 944 1876 984 inde

1187 994 1310 1033 latetur
1322 995 1498 1036 Catholicus
1510 1025 1520 1043 ,
1537 997 1720 1038 immundus
1739 1002 1878 1057 confine-

1185 1067 1240 1092 tur
1249 1052 1420 1094 haeretictos.
1466 1060 1598 1095 Omnem
1617 1059 1729 1114 quippe
1739 1074 1877 1108 nae‘vum,

1186 1124 1256 1151 tam
1275 1113 1441 1168 originalis
1457 1140 1469 1157 ‚
1499 1115 1596 1171 qua‘m
1620 1117 1759 1158 aflualis
1783 1120 1878 1177 culpa

1187 1171 1223 1209 in
1247 1169 1286 1210 ea*
1304 1171 1449 1218 delevit,
1471 1172 1579 1229 ficq‘ue
1593 1190 1721 1215 carnem
1745 1176 1784 1218 de
1801 1195 1876 1220 car-

1189 1244 1230 1268 ne
1251 1230 1321 1283 ejm‘
1331 1229 1461 1285 ficmens
1473 1260 1484 1277 ‚
1514 1231 1646 1272 eandem
1662 1236 1695 1274 in
1711 1236 1877 1278 Divinam

1187 1287 1381 1327 munditiam
1402 1290 1662 1345 transformavit.
1693 1297 1875 1338 Serm.de

1189 1347 1325 1388 Nativ.
1341 1349 1463 1388 Dom.

1316 1469 1417 1530 §.3
1451 1462 1637 1527 Ratio.

1140 1548 1335 1598 CICero
1354 1584 1370 1624 ’.
1407 1554 1560 1634 IVre‚A
1591 1568 1678 1616 pro
1700 1558 1805 1605 Do-

1357 1625 1444 1669 Mo
1476 1628 1578 1671 sVa.

1065 1702 1332 1824 QUando
1383 1709 1425 1748 in
1473 1710 1681 1752 communi
1717 1710 1872 1756 neceffia

1215 1778 1294 1804 tate
1308 1764 1398 1815 (ubi
1414 1778 1557 1824 nempe
1580 1768 1870 1814 debacchantes

1064 1825 1236 1876 undique
1248 1822 1416 1865 flammae
1431 1833 1624 1883 integram
1636 1830 1865 1879 Civitatem,

1063 1878 1126 1919 vel
1146 1879 1316 1935 plateam
1340 1885 1382 1922 in
1405 1887 1572 1932 cineres,
1610 1886 1868 1946 ultimamt'que

1064 1937 1291 1993 praesentem
1313 1945 1527 1997 perniciem
1551 1945 1723 2002 redigere
1748 1952 1865 1990 mini·

1064 2003 1216 2048 tantur)
1247 2013 1338 2040 ante
1359 2005 1495 2042 omnia
1512 2002 1583 2044 suae
1605 2008 1764 2061 quisque
1775 2022 1865 2064 pro-

1063 2053 1254 2110 speritati,
1287 2073 1332 2098 ac
1368 2060 1620 2104 indemnitati
1655 2065 1863 2122 prospicit,

1062 2112 1120 2160 se,
1153 2116 1396 2172 domumc'lue
1426 2118 1529 2160 suam
1562 2121 1584 2162 a
1613 2123 1862 2178 grallantibus

1063 2170 1230 2214 flammis
1252 2175 1444 2218 custodire
1466 2208 1476 2224 ‚
1509 2185 1549 2221 δε
1563 2179 1583 2220 ὲ
1595 2181 1769 2237 praesenti
1779 2199 1864 2226 mad

1060 2231 1201 2273 nifesto
1231 2235 1405 2290 periculo
1438 2240 1603 2294 eripere,
1643 2255 1688 2280 ac
1713 2242 1864 2298 praeser-

1060 2305 1150 2331 vare
1172 2321 1183 2338 ‚
1216 2293 1400 2334 omnibus
1444 2296 1611 2344 viribus,
1644 2313 1691 2339 ac
1732 2302 1863 2343 modis

1059 2348 1248 2391 allaborat
1263 2381 1274 2397 ,
1297 2356 1448 2394 nemini
1458 2355 1498 2395 id
1509 2355 1531 2396 a
1546 2371 1744 2412 quoquam
1757 2374 1862 2402 mor-

1057 2406 1196 2449 talium
1243 2413 1339 2451 vitio
1367 2414 1599 2455 vertendum
1635 2416 1691 2457 est
1714 2436 1724 2464 3
1768 2422 1860 2461 cum

1056 2467 1199 2508 exinde
1211 2482 1341 2509 ortum
1358 2471 1531 2513 videatur
1545 2487 1757 2517 commune
1769 2478 1860 2519 ada-

1055 2527 1188 2580 gium:
1223 2528 1324 2567 Cicero
1336 2539 1400 2585 pro
1430 2532 1536 2570 Domo
1551 2532 1624 2588 fied.
1659 2533 1733 2576 Sed
1767 2540 1861 2579 Bea-

1054 2583 1323 2643 tisfimaVirgo
1348 2586 1419 2629 fuit
1430 2591 1586 2631 Domus
1607 2593 1749 2635 Christi
1772 2598 1859 2637 Do-

1053 2646 1174 2691 mini,
1205 2647 1246 2685 in
1286 2648 1415 2702 primo
1454 2648 1614 2692 instanti
1642 2654 1858 2710 Concepti-

1053 2705 1160 2749 onis,
1192 2703 1369 2758 quamvls
1390 2704 1572 2749 nondum
1595 2713 1680 2751 astu
1702 2712 1857 2754 inhabi-

1052 2773 1132 2802 tata
1142 2788 1153 2807 ,
1186 2774 1319 2804 tamen
1331 2765 1371 2805 in
1380 2778 1467 2807 eam
1476 2765 1596 2809 eleaa
1607 2798 1618 2815 ‚
1635 2773 1675 2812 &
1688 2768 1735 2812 ab
1747 2782 1856 2813 aetera

1053 2832 1110 2860 no
1133 2820 1412 2877 praeordinata,
1443 2839 1486 2867 ut
1515 2824 1569 2866 ibi
1599 2842 1669 2883 per
1707 2842 1855 2875 novem

1054 2878 1251 2920 Menfium
1283 2880 1448 2937 spatium
1476 2882 1674 2928 habitaret.
1704 2941 1708 2942 ⁷
1749 2889 1853 2947 Ergo

1052 2949 1126 2978 nec
1140 2936 1296 2980 Christo
1308 2943 1403 2982 vitio
1425 2942 1654 2986 vertendum
1665 2945 1741 2993 est,
1771 2948 1853 2991 fiin

1050 2995 1260 3038 communi
1297 2997 1363 3039 illa
1410 3001 1626 3044 necestitate
1650 3030 1662 3049 ‚
1691 3008 1854 3060 quando

1047 3054 1247 3095 mortifera
1281 3060 1430 3112 peccati
1469 3061 1665 3117 originalis
1692 3063 1852 3108 flamma

1047 3114 1090 3152 in
1100 3112 1315 3154 universum
1326 3129 1446 3172 genus
1468 3117 1684 3163 humanum
1708 3123 1849 3165 debac-

1045 3170 1153 3212 chari
1179 3175 1320 3230 coepit,
1351 3175 1565 3234 omnesque
1584 3179 1663 3233 jam
1687 3181 1782 3223 Adae
1805 3183 1849 3223 fi-n

1103 3231 1167 3271 Ee
1197 3245 1215 3280 3
1736 3238 1811 3281 lios

1894 1604 2007 1660 451·
