2164 3413
114 494 144 522 in
160 495 267 532 Matth,

106 1270 140 1298 de
154 1270 238 1301 Laud.

107 1312 189 1351 virg.

82 2812 147 2842 isai.
157 2822 183 2847 c,
195 2823 240 2850 ¹4·

82 2864 109 2883 v.
119 2863 154 2883 iz.

82 3086 229 3113 e-¹9.v.7.5·

282 212 513 271 telligendus
531 212 585 255 est
596 217 702 255 e'nim
723 212 831 269 loqui
841 213 890 254 de
914 215 979 268 ijs,
1006 217 1072 268 qui

285 273 333 313 de
379 273 558 319 muliere,
583 271 750 329 suscepto
796 272 956 319 semine,
989 287 1072 312 non

283 334 350 385 qui
372 331 419 371 de
443 333 601 387 Virgine
622 360 632 377 ,
663 346 711 372 ex
755 332 892 371 virtute
917 331 1073 386 Spiritus

284 392 422 435 Sancti,
455 393 534 430 nati
555 388 654 430 lunt:
684 392 738 429 ita
767 391 873 428 enirn
907 387 1074 444 explicat

284 462 446 504 magnus
485 447 658 488 Ecclesiae
687 448 840 488 Douor
875 448 1072 502 Hierony-

285 520 392 552 mus,
423 504 516 547 dum
531 509 605 546 ait:
632 506 703 544 His
718 505 814 560 igitur
827 505 996 560 praefertur
1016 505 1071 544 ho-

283 564 445 610 minibus,
476 565 531 621 qui
558 563 597 603 de
616 561 798 603 mulieribm
822 564 891 601 nati
904 562 1002 617 fimt,
1033 571 1071 605 &⁸

281 621 319 662 de
346 622 509 662 concubitu
540 622 612 662 ‘viri
628 650 638 667 ,
671 629 708 664 ώ-
725 635 788 660 non
812 621 860 663 ei,
890 621 945 677 qui
968 621 1008 673 2st
1029 636 1071 659 ex

281 681 435 736 Virgine,
466 687 504 722 ὠ·
522 679 778 736 SpirituSanflo.
811 678 883 720 Sed
902 677 978 719 hoc
991 678 1069 735 ipso

282 753 428 779 novum
457 742 626 778 exoritur
656 737 843 778 dubium:
877 738 978 793 Ergo
1004 736 1071 777 lal-

280 810 361 837 tem
372 801 569 849 Joannem
589 794 661 836 effe
678 795 890 836 Beatiffima
911 799 1070 852 Virgine

279 857 427 896 Mun
444 869 471 896 Α
499 855 652 910 majorem
666 883 676 899 ‚
708 853 920 894 dicendum
962 858 1034 894 erit
1057 870 1065 889 :

277 912 443 968 eoquod
478 911 597 954 ambo
625 915 705 953 nati
729 912 800 953 fint
834 912 882 953 de
906 911 1066 953 muliere

276 987 359 1012 non
399 974 583 1027 Virgine,
616 977 657 1013 ὃς
695 974 832 1011 virtute
854 970 1024 1011 humana
1053 983 1064 1010 ,³

274 1032 408 1071 verum
442 1030 481 1070 id
505 1043 625 1070 nemo
644 1028 798 1069 asserere
820 1028 1017 1084 praesumat
1053 1047 1063 1075 5

275 1090 366 1129 cum
377 1088 489 1129 fuerit
506 1087 572 1128 illa
581 1092 733 1140 Joanne
744 1116 755 1133 ,
795 1093 835 1128 ὃ(
846 1086 954 1127 fimul
979 1101 1065 1127 om-

276 1147 386 1188 nibus
407 1149 550 1188 Sanctis
565 1175 575 1192 ,
606 1148 767 1190 merito,
798 1151 839 1187 &
858 1147 1063 1186 Sanffitate

274 1207 402 1259 major,
432 1203 634 1245 attestante
663 1203 703 1244 id
731 1206 783 1244 D.
796 1203 950 1244 Andre&
970 1205 1064 1245 Cre-

275 1263 368 1303 tenfi
383 1278 391 1298 :
421 1265 567 1319 Excepto
574 1264 686 1308 DEO,
703 1261 776 1317 fila
785 1262 825 1316 est
839 1261 983 1301 omnibus
991 1278 1064 1301 ma-

266 1323 332 1377 jor.
362 1319 567 1375 quomodo
594 1334 689 1377 ergo
709 1319 917 1376 supradieta
941 1324 1064 1361 incre-

275 1394 345 1421 atae
371 1382 572 1435 Sapientia:
591 1378 707 1420 verba
742 1378 925 1419 verificari
950 1392 1062 1435 *pote-

270 1451 374 1482 runt,
385 1436 520 1492 quibus
535 1436 668 1478 falsum
681 1435 819 1477 subeffe
831 1452 913 1478 non
925 1437 1064 1494 potest.2

389 1496 552 1538 Videtur
581 1509 710 1536 autem
740 1495 857 1541 mihi,
888 1495 966 1536 hoc
985 1497 1064 1552 ipso

272 1556 478 1600 encomio,
508 1553 754 1594 immaculata
774 1556 900 1609 potius
922 1557 963 1594 B.
977 1558 1065 1598 Vir-

273 1616 371 1668 ginis
393 1614 616 1669 Conceptio
640 1612 919 1668 depraedicata,
943 1612 1063 1668 quam

271 1670 447 1727 Baptistae
467 1669 695 1712 excellentia
720 1669 935 1712 celebrata:
968 1671 1062 1724 quid

269 1732 377 1770 enim
426 1728 492 1770 fibi
528 1728 610 1770 vult
639 1731 844 1769 terminus:
865 1728 1010 1783 fhrrexit
1048 1759 1060 1777 ‚

266 1801 383 1842 quare
406 1802 489 1829 non
509 1787 655 1828 dietum
673 1788 824 1843 potius:
856 1787 941 1827 inter
964 1802 1059 1828 natos

265 1846 433 1886 mulierum
456 1861 518 1885 non
532 1845 696 1900 elluatus,
722 1860 784 1885 non
801 1844 940 1900 estortus
953 1874 964 1892 ,
995 1861 1057 1886 non

265 1902 597 1944 venitinmundum?
622 1919 690 1944 cur
712 1903 851 1945 dicitur
878 1918 887 1942 ε
916 1919 978 1944 non
979 1904 1056 1960 Jur-

262 1962 351 2002 rexit
358 1963 494 2017 major?
523 1961 718 2003 sciendum
727 1964 859 2019 igitur,
872 1961 978 2017 quod
980 1961 1057 2018 sur-

260 2037 335 2077 gere
347 2020 610 2076 praesupponat
621 2019 750 2060 cadere:
785 2035 911 2076 neque
923 2021 971 2061 de
982 2035 1056 2061 ter-

266 2079 306 2119 ra
325 2079 459 2133 aliquis
470 2078 606 2135 surgit,
638 2082 732 2133 quin
749 2081 849 2134 prius
862 2079 1055 2127 ceciderit,

262 2137 357 2177 hinc
377 2139 468 2177 cum
487 2152 570 2178 non
593 2136 787 2177 surrexerit
808 2140 910 2191 major
924 2140 1054 2185 Joanne

261 2195 428 2252 Baptistae,
457 2196 498 2236 id
527 2196 574 2236 de
587 2197 734 2236 MARIA
756 2194 1053 2251 intelligendum

262 2257 347 2299 erit,
363 2268 445 2308 qua:
462 2252 539 2295 sola
553 2283 564 2301 ,
581 2253 666 2309 post
677 2253 894 2299 Christum,
924 2255 1053 2302 Joanne

260 2313 363 2366 major
384 2315 531 2358 extitit,
569 2311 629 2353 vel
653 2310 742 2352 ideo
772 2326 856 2352 non
883 2311 1051 2368 surgens,

260 2373 348 2424 quia
371 2384 571 2425 nunquam
603 2373 643 2410 in
682 2369 868 2424 originale
899 2371 1048 2412 cecidit.

259 2428 468 2484 Perpendit
501 2431 685 2476 nimirum
729 2429 899 2470 MAR1A>
931 2428 1048 2483 quam

257 2486 381 2527 nullus
410 2488 517 2543 pejor
543 2486 587 2527 fit
603 2484 782 2531 morbus,
817 2485 958 2527 morbo
985 2503 1046 2529 ca-

256 2546 381 2590 duco,
416 2551 458 2587 ὅτ.
500 2544 624 2587 nullus
674 2543 796 2601 magls
836 2545 998 2585 caducus
1033 2577 1044 2593 ,

255 2602 373 2658 quan:
395 2618 597 2660 peccatum
623 2633 634 2650 ,
666 2617 746 2658 quo
766 2617 849 2643 non
873 2603 1044 2646 humana

252 2664 404 2702 tantum
421 2691 433 2708 ,
460 2660 522 2702 sed
532 2661 718 2717 Angelica
738 2676 893 2715 quoque
910 2675 1043 2703 natura

253 2719 383 2760 collisa
410 2719 463 2760 est
482 2749 492 2766 ‚
529 2720 794 2776 lachrymante
828 2719 1039 2775 Propheta:

255 2777 416 2836 Qomodb
430 2778 561 2833 cecidisti
572 2779 723 2833 Lucifer,
744 2779 799 2834 qui
813 2778 904 2817 mane)
920 2778 1041 2817 orieba-

257 2838 336 2876 m?
372 2837 513 2877 cecidit
534 2837 582 2877 de
601 2835 718 2879 Coelo
738 2834 910 2877 Lucifer:
940 2840 1040 2876 ceci-

252 2895 308 2935 dit
320 2894 543 2936 deParadiso
553 2895 689 2936 Adam:
704 2908 859 2949 uterque
869 2909 1037 2950 peccato.

251 2952 338 2993 Sola
354 2956 465 3009 igitur
492 2957 590 2994 inter
605 2954 745 2995 Adami
759 2953 928 3009 posteros
946 2982 956 2998 ,
986 2955 1036 2992 in-

249 3025 297 3050 ter
310 3025 401 3050 natos
415 3012 592 3058 mulierum,
612 3027 694 3052 non
710 3010 863 3052 surrexit
873 3014 1032 3058 Mirum,

248 3070 296 3109 de
316 3084 390 3122 qua
424 3074 614 3120 Joannes:
645 3069 762 3110 Stabat
779 3071 881 3125 juxta
909 3073 1033 3110 Crucem

246 3129 384 3174 JESLI,
416 3129 537 3166 Mater
554 3130 629 3182 ejus.
674 3143 714 3169 ut
729 3127 827 3168 adeo
849 3128 875 3168 fi
891 3143 1034 3183 quaera-

245 3200 327 3225 mus
363 3203 370 3225 ·.
405 3185 497 3240 quid
522 3188 561 3225 in
600 3186 676 3226 hoc
710 3186 861 3226 mundo
905 3186 1037 3227 fecerit

692 115 784 175 De
802 111 1090 195 Concepta
1103 115 1255 175 Sacra
1267 113 1517 194 Deiparfi,

1122 216 1269 269 Virgo?
1301 212 1356 253 nil
1377 212 1420 253 fit
1450 211 1553 253 aliud
1577 212 1913 269 respondendum,

1121 270 1261 325 quam:
1279 272 1378 327 stetit.
1420 272 1512 325 quid
1543 274 1584 311 in
1602 284 1815 327 conceptu?
1843 271 1913 311 ste—

1122 333 1177 369 tit.
1210 329 1350 383 quidm
1363 342 1471 369 ortu?
1502 328 1614 369 stetit.
1646 330 1787 384 quidm
1808 345 1912 369 mor-

1122 400 1159 427 te
1191 387 1273 441 Filij
1300 399 1310 427 .>
1352 387 1465 428 stetit.
1497 387 1642 433 verbo,
1662 387 1773 440 stabat
1801 402 1874 427 una
1900 416 1910 432 ‚

1122 458 1207 486 toto
1232 445 1325 486 orbe
1346 446 1532 492 cadente,
1564 449 1682 487 etiam
1706 445 1785 501 iplo
1805 460 1911 501 mag-

1122 518 1176 543 no
1203 509 1354 555 Joanne
1386 503 1560 560 Baptista.
1608 507 1691 558 quis
1720 519 1811 560 ergo
1830 517 1912 543 non

1120 562 1246 607 videt,
1279 563 1463 600 incernatos
1484 563 1670 607 mulierum,
1703 567 1780 617 ipio
1793 565 1911 601 etiam

1121 634 1265 676 magno
1289 619 1512 675 praecursore
1529 647 1539 663 ‚
1563 623 1742 661 MARIAM
1760 622 1910 675 majorem

1119 678 1213 718 elle?
1252 677 1434 719 Celebret
1459 677 1582 718 modo
1620 678 1911 734 Chrysostomus

1120 736 1351 792 dignitatem
1364 736 1539 792 Baptistae
1553 766 1561 781 ‚
1586 737 1642 776 his
1663 737 1805 778 verbis:
1836 736 1911 776 Cum

1120 794 1165 833 aa'
1181 810 1236 833 nos
1250 794 1423 850 adveniffit
1434 793 1627 851 Redemptor
1651 796 1744 849 russri
1759 796 1884 850 genen‘s
1899 823 1909 839 ‚

1120 854 1211 892 menie
1226 852 1374 908 protinus
1393 852 1439 892 ad
1446 852 1541 907 ficum
1566 854 1701 892 amicum
1727 855 1906 901 Joannem,

1117 909 1194 950 dum
1222 910 1325 950 adhuc
1356 909 1425 966 cff’t
1452 912 1485 949 in
1514 924 1628 951 ventre
1649 912 1789 950 matris:
1818 927 1908 967 quem

1114 968 1182 1009 cum
1221 985 1264 1008 ex
1295 984 1404 1012 utero,
1435 970 1469 1008 in
1495 983 1618 1009 uterum
1656 964 1816 1026 aspexiffet
1842 971 1907 1016 Jo-

1117 1043 1237 1073 annes,
1265 1029 1413 1066 terminos
1433 1041 1552 1066 natura
1573 1031 1767 1072 concutiens,
1798 1028 1907 1066 excla-

1115 1099 1203 1125 mat:
1235 1084 1344 1125 Video
1363 1086 1538 1125 Dominum
1553 1114 1562 1131 ,
1597 1087 1652 1142 qui
1670 1100 1790 1125 naturae
1807 1086 1905 1142 impo-

1105 1143 1173 1197 ficit
1195 1144 1342 1183 terminos
1373 1159 1380 1181 τ
1424 1142 1628 1184 celebrabo
1658 1158 1731 1199 ego
1762 1147 1905 1200 potiori

1112 1202 1191 1255 jure
1204 1204 1384 1242 Milium
1402 1221 1410 1249 5
1443 1205 1533 1242 cum
1549 1206 1654 1242 enim
1665 1203 1842 1242 nondum
1856 1201 1905 1241 ad

1111 1274 1186 1300 nos
1194 1260 1401 1301 advenisset
1418 1261 1659 1316 Redemptor
1674 1263 1821 1316 generis
1833 1259 1904 1302 hu⁶

1112 1321 1240 1365 mani,
1265 1322 1371 1359 venit
1387 1334 1517 1359 tamen
1529 1323 1701 1375 protinus
1718 1319 1767 1359 ad
1783 1317 1901 1364 illam,

1115 1390 1299 1431 tanquam
1314 1381 1479 1417 amicam
1496 1377 1596 1417 suam
1612 1376 1899 1421 dilectiffimam‚

1115 1436 1361 1490 Matremque
1392 1435 1557 1476 fiituram
1579 1465 1589 1482 ,
1631 1450 1712 1481 non
1735 1438 1898 1480 tantum,

1115 1493 1209 1533 dum
1234 1508 1279 1534 ea
1296 1494 1421 1534 adhuc
1437 1492 1526 1534 esset
1551 1497 1590 1534 in
1610 1508 1742 1535 ventre
1756 1497 1898 1539 matris,

1112 1550 1175 1591 sed
1190 1555 1558 1608 quamprimum,per
1570 1555 1897 1609 Conceptionem‚

1113 1623 1288 1651 ventrem
1301 1614 1431 1650 matris
1444 1610 1561 1650 subire
1574 1611 1707 1650 datum
1717 1610 1780 1651 est.
1827 1613 1899 1650 Fu-

1111 1671 1181 1709 erit
1221 1668 1388 1724 Baptista
1420 1673 1589 1720 Joannes
1621 1669 1899 1725 Prophetarum

1109 1729 1319 1773 maximus,
1349 1730 1437 1782 qui,
1468 1741 1585 1781 quem
1597 1731 1721 1767 caeteri
1738 1731 1898 1783 promit·

1109 1784 1246 1826 tebant
1269 1813 1280 1830 ,
1307 1785 1382 1841 ipse
1398 1786 1523 1842 digito
1548 1785 1794 1827 monstraret:
1830 1785 1899 1826 fuit

1106 1856 1238 1884 tamen
1271 1842 1340 1884 illo
1375 1843 1575 1899 Prophetis
1595 1845 1742 1884 MARIA
1762 1845 1864 1899 major
1885 1873 1896 1890 ,

1105 1916 1190 1956 quae
1210 1901 1379 1942 eundem
1399 1908 1438 1944 ὃς
1459 1905 1687 1958 concipere,
1718 1909 1758 1944 &
1779 1917 1892 1942 mun-

1106 1960 1159 2001 do
1169 1975 1320 2016 parere,
1351 1966 1392 2002 &
1411 1960 1515 2001 casto
1528 1963 1671 2016 pestori
1689 1960 1897 2017 adstringe-

1105 2034 1157 2065 re,
1175 2033 1375 2073 nunquam
1395 2034 1477 2059 non
1494 2019 1548 2059 est
1563 2018 1658 2059 ausa.
1718 2019 1786 2059 Ille
1805 2034 1896 2075 prae-

1105 2076 1230 2118 cursor
1252 2077 1306 2118 est
1318 2079 1504 2123 Domini,
1537 2093 1654 2132 quem
1683 2077 1751 2118 ista
1771 2077 1896 2118 secum

1106 2135 1245 2177 detulit
1261 2153 1268 2176 z
1297 2135 1360 2176 ille
1371 2137 1483 2192 gratia
1497 2151 1678 2181 vocatur,
1710 2136 1895 2192 hxcplena

1098 2194 1230 2251 gratid:
1245 2193 1309 2234 ille
1322 2210 1397 2235 vox
1409 2223 1418 2239 ,
1432 2194 1453 2234 ὲ.
1469 2196 1584 2236 DEO
1609 2192 1714 2234 mula
1729 2198 1767 2233 in
1788 2201 1893 2235 huuc

1104 2253 1294 2292 mundum
1310 2281 1320 2298 ,
1352 2252 1433 2293 haec
1456 2267 1547 2298 vox,
1573 2268 1620 2293 ex
1641 2266 1706 2293 ore
1718 2253 1891 2293 Altissimi

1102 2310 1291 2366 profesta,
1323 2311 1462 2351 Verbum
1483 2311 1597 2350 bonum
1611 2341 1622 2358 ,
1654 2326 1694 2352 ut
1709 2313 1890 2366 Concep-

1101 2384 1141 2411 tu
1153 2371 1252 2412 LVI.
1266 2369 1450 2410 vidimus:
1478 2369 1543 2409 ille
1554 2369 1608 2410 est.
1629 2383 1699 2409 vox
1708 2370 1889 2416 clamantu,

1100 2427 1183 2468 haec
1200 2442 1276 2469 vox
1298 2432 1481 2468 amantis:
1513 2427 1576 2468 ille
1605 2427 1800 2482 loquelam
1817 2430 1885 2468 Pa-

1099 2488 1218 2532 renti,
1251 2486 1516 2529 haecVerbum
1536 2485 1809 2527 Patriextorfit.
1844 2501 1886 2527 ut

1096 2545 1510 2600 proindejuremerito,
1542 2545 1566 2586 fi
1592 2546 1701 2585 DEI
1728 2543 1883 2599 praelen-

1094 2606 1145 2643 tia
1155 2608 1349 2654 Joannem
1361 2603 1603 2644 sanctificavit
1613 2606 1652 2642 in
1666 2616 1773 2642 utero
1785 2632 1794 2648 ,
1812 2602 1883 2642 ho—

1093 2661 1154 2701 die
1166 2662 1318 2717 dignius
1339 2664 1453 2717 pietas
1465 2660 1636 2701 Ecclesiae
1666 2660 1741 2710 (ob
1763 2662 1886 2715 majo-

1092 2735 1198 2762 rem,
1229 2720 1339 2760 omni
1373 2723 1594 2762 vicinitate,
1624 2721 1760 2759 Matris
1791 2735 1882 2760 cum

1090 2777 1188 2818 Filio
1209 2779 1546 2832 conjunfflonem)
1579 2777 1678 2817 hanc
1700 2793 1747 2817 ex
1772 2792 1880 2819 utero

1090 2835 1350 2891 praeservatam
1379 2834 1576 2891 agnoscat:
1610 2836 1634 2875 fi
1672 2834 1781 2876 illum
1811 2837 1878 2877 ad-

1088 2896 1183 2947 juvit
1201 2924 1211 2940 ,
1248 2907 1289 2935 ut
1308 2893 1452 2949 fingeret
1469 2920 1480 2938 ,
1512 2896 1633 2934 verius
1660 2893 1769 2935 istam
1796 2911 1876 2935 cre»

1088 2953 1155 2994 dat
1177 2950 1378 2993 sustinuisse
1394 2981 1403 2998 ‚
1434 2967 1485 2992 ne
1499 2951 1632 2992 caderet.
1660 2952 1801 2998 verbo,
1831 2968 1873 2994 ut

1083 3010 1169 3053 vere
1180 3011 1352 3051 MARIA
1367 3008 1389 3049 ‘a
1409 3009 1519 3051 nobis
1529 3011 1676 3051 dicatur
1688 3038 1698 3054 >
1730 3027 1794 3050 una
1808 3013 1871 3059 Jo-

1082 3085 1165 3109 anne
1183 3070 1305 3121 major,
1336 3083 1534 3123 nunquam
1570 3068 1745 3126 surgens3
1777 3073 1867 3122 quia

1082 3141 1282 3182 nunquam
1302 3126 1453 3167 cadens.
1527 3131 1688 3169 Utinam
1709 3134 1748 3169 ὃς
1771 3142 1842 3166 nos
1857 3158 1867 3174 ,

1084 3189 1147 3241 qui
1170 3200 1252 3226 non
1284 3199 1350 3240 per
1371 3185 1558 3241 originale
1587 3189 1740 3227 tantum
1764 3214 1774 3230 ,
1807 3185 1870 3226 fied

1777 3257 1842 3298 per
