2164 3413
147 459 171 480 c.
187 459 299 487 17.v.3.

141 859 220 890 Ρτον.
234 870 243 895 3
255 871 278 891 ι,

142 908 170 931 V.
183 912 228 939 ¹¹4·

138 1500 246 1562 373·

130 2910 194 2969 37
196 2915 251 2970 4·

361 113 444 168 182

318 202 468 243 fortiter
489 204 704 258 praecincta,
727 198 941 255 quemlibet
961 214 1116 253 quoque

320 260 638 316 nostrfimjugiter
650 273 861 317 protegere,
873 257 954 298 imo
972 265 1010 299 ἃ
1025 272 1116 313 prae-

320 323 474 375 cingere
496 322 636 374 poterit
659 348 668 365 ,
711 316 931 358 dummodo
960 332 1046 356 eam
1073 317 1114 369 ijs

320 378 411 430 Jobi
432 377 554 419 verbis
589 378 840 434 deprecemur
881 375 1076 415 humiliter
1104 389 1111 412 :

323 439 466 476 Poneme
481 436 583 490 juxtci
595 451 626 475 te
639 466 648 481 ,
681 434 874 489 &cujusvis
897 450 1010 472 mamas
1029 445 1112 489 pug-

317 509 372 534 net
385 508 496 533 contra
517 510 564 532 me
575 495 588 532 .'
619 509 691 534 nec
713 497 819 533 enim
845 491 998 531 difficile
1020 499 1112 536 erit,

318 553 422 593 hanc
444 551 664 607 apuriffima
687 554 726 592 D
740 566 786 591 EI
810 553 1010 592 Genitrice
1031 565 1113 605 gra-

318 614 414 652 tiam
426 610 602 651 obtinere
615 629 623 655 3
657 625 748 650 nam
762 612 852 649 cum
865 609 946 649 haec
958 607 1036 648 sola
1052 622 1110 664 ty-

317 684 411 726 pum
427 682 532 725 gerat
542 668 648 709 fortis
663 667 760 709 illius
773 667 954 712 mulieris,
970 666 990 707 a
1005 666 1111 708 Salo-

314 742 432 768 mone
442 741 523 768 tam
536 726 698 768 studiose
710 726 1111 781 quaefitae,inventae,ac

316 790 415 827 inter
431 785 505 826 alia
517 784 676 826 laudum
687 788 892 842 praeconia,
924 784 981 824 his
993 788 1110 824 etiam

315 844 438 885 verbis
451 844 598 884 ibidem
610 844 814 885 dilaudatae
827 862 833 884 :
869 843 1030 899 Cingulum
1041 858 1110 882 tra-

315 902 399 943 didit
418 906 585 948 Cananaeo,
616 906 748 960 cinget
772 902 875 944 haud
896 900 1011 942 dubie
1027 931 1038 948 ,
1069 907 1109 942 ὃς

316 965 524 1018 praecinget
545 976 654 1001 renes
673 976 807 1002 eorum
824 963 1002 1000 omnium
1019 989 1029 1005 ‚
1060 959 1108 999 ad

314 1018 349 1060 ie
376 1019 516 1062 devote
563 1023 838 1061 recurrentium
858 1047 867 1063 ,
900 1021 965 1073 qui
995 1017 1110 1058 instar

315 1080 500 1120 Cananaei
513 1107 523 1124 ,
556 1081 620 1133 qui
664 1078 770 1117 Salax
805 1090 907 1122 erat,
939 1075 1108 1116 libidinis

313 1136 403 1177 aestu
423 1135 641 1192 flagrantes,
661 1137 738 1190 ejus
753 1150 870 1192 opem
884 1134 1108 1190 implorant,

312 1194 510 1251 p011etc'1ue
522 1194 773 1251 imposterum
798 1194 1036 1233 immaculatam
1053 1193 1107 1234 ‘1⁷1'-

313 1270 367 1294 am
387 1268 532 1295 eorum.

485 1375 522 1426 §.
543 1379 591 1421 2.
639 1364 934 1418 Authoritas.

350 1485 541 1545 S.HVgo
559 1483 632 1527 De
647 1482 827 1530 sancto
842 1484 1070 1536 VICtore,

513 1555 637 1598 reaM
663 1554 897 1614 Ignorans.

310 1646 338 1676 1.
369 1633 476 1670 Beata
485 1630 581 1687 Virgo
584 1642 708 1687 pauper
717 1631 789 1686 fuit
804 1661 815 1677 ,
846 1630 973 1671 humilis
985 1659 996 1676 ‚
1029 1633 1100 1673 obe-

365 1688 476 1735 diens,
507 1691 614 1746 quieta
629 1718 640 1734 ,
671 1688 825 1742 modesta,
852 1689 992 1747 simplex
1009 1721 1019 1737 ‚
1040 1691 1100 1746 sii-

360 1748 464 1806 piens,
482 1748 525 1787 ab
536 1748 661 1803 Angelo
676 1749 847 1791 nuntiata,
878 1749 911 1787 in
925 1764 1012 1789 utero
1023 1749 1103 1804 fim-

364 1804 514 1859 Hificata.
545 1807 610 1846 De
634 1805 926 1862 proprietatibus
957 1814 997 1850 &
1013 1810 1102 1864 Epi-

365 1864 481 1904 thetis
493 1879 619 1904 rerum
633 1864 656 1904 l.
678 1879 714 1916 4.
736 1880 767 1905 c.
783 1883 810 1905 2.

308 1940 340 1963 2.
371 1925 413 1962 In
434 1923 509 1962 caelo
520 1952 531 1969 ‚
562 1923 665 1979 quallis
678 1926 799 1970 Pater,
825 1922 904 1962 talis
916 1923 1042 1966 Filius,
1061 1933 1100 1967 (9-

365 1981 398 2020 in
407 1980 495 2020 terra⁰
505 2010 515 2026 ,
552 1981 656 2037 qualis
671 1983 789 2022 Mater
799 2011 809 2028 ,
841 1981 918 2020 talis
929 1983 1053 2024 Filius:
1068 1986 1101 2024 in

365 2039 462 2085 caelo,
495 2040 598 2095 imago
612 2041 745 2083 Patris,
775 2042 809 2080 in
829 2040 935 2084 terrei,
957 2042 1100 2083 imitator

364 2098 510 2138 Macra.
570 2097 735 2155 Apolog.
752 2099 801 2139 de
817 2097 934 2142 Verb.
953 2102 1097 2142 incarn.

363 2171 396 2195 c.
411 2170 442 2207 3.

305 2231 335 2269 3.
367 2215 453 2254 ‘Iota
463 2212 601 2270 pulchra
612 2213 667 2252 es!
683 2212 821 2269 pulchra
840 2229 872 2253 es
891 2214 993 2262 inuis,
1017 2218 1097 2273 pul-

361 2272 585 2326 chraesforis,
617 2271 702 2311 intics
713 2272 747 2311 in
758 2271 868 2316 corde,
888 2274 976 2328 soris
986 2276 1019 2314 in
1029 2292 1097 2315 cor-

354 2342 451 2389 pore,
484 2329 571 2370 intas
587 2329 762 2370 rubicunda
778 2360 789 2377 ,
811 2331 900 2386 soris
934 2333 1094 2378 candida,

359 2387 538 2430 rubicunda
554 2400 615 2446 per
635 2389 821 2428 charitatem
843 2419 854 2436 ,
886 2390 1021 2431 candida
1034 2405 1094 2449 per

359 2449 556 2502 castitatem,
586 2461 708 2493 totum,
740 2447 824 2504 quod
845 2449 1003 2504 in'Tiest,
1019 2452 1096 2507 pul-

359 2506 468 2547 chrum
480 2506 541 2560 cst,
572 2513 611 2548 ά·
631 2505 710 2545 nihil
727 2506 802 2559 inest
817 2506 902 2546 Tibi
916 2536 925 2553 ,
956 2509 1040 2564 quod
1049 2510 1095 2565 fit

351 2563 538 2621 sordidum,
556 2565 590 2603 in
602 2578 667 2603 toto
675 2567 806 2621 gratia,
837 2567 870 2604 in
887 2565 968 2605 nullo
984 2569 1093 2623 ingra-

358 2637 418 2667 ta,
449 2624 484 2662 in
511 2637 575 2662 toto
592 2623 703 2679 places
727 2649 737 2666 ,
769 2625 801 2662 in
829 2624 911 2664 nullo
941 2623 1090 2682 displices.

360 2685 476 2724 Serm.
491 2696 524 2735 9.
543 2680 591 2721 de
603 2681 762 2727 institut,
775 2682 943 2723 Monast.

539 2805 581 2856 ὅ.
596 2807 637 2866 3.
672 2798 854 2861 Ratio·

367 2910 513 2954 Mater
559 2910 686 2954 DEI
709 2939 724 2960 ,
775 2911 827 2954 In
858 2911 1018 2958 coeLo

569 2982 807 3025 eXaLtata.

308 3066 310 3068 ’
421 3061 510 3099 Ater
525 3062 604 3101 Dm
621 3066 659 3102 in
683 3063 779 3103 terra
795 3064 928 3105 debuit
939 3064 1009 3105 effe
1027 3081 1089 3105 ex-

300 3115 330 3160 l
444 3117 578 3165 altata,
609 3119 715 3176 filper
727 3137 862 3163 omnes
879 3138 1086 3164 creaturas:

297 3173 370 3215 Sed
383 3174 409 3214 si
429 3174 512 3217 haec
526 3181 568 3218 in
581 3179 855 3236 Conceptione
879 3164 1086 3222 contiaxis,

724 107 814 165 De
833 104 1122 183 Concepta
1150 105 1300 160 Sacra
1312 102 1561 179 Deipara‚

1167 195 1216 236 set
1230 209 1430 252 peccatum
1448 194 1633 252 originale
1644 224 1655 241 ,
1687 193 1777 234 licet
1793 208 1880 236 ante
1893 210 1960 235 na-

1167 258 1357 295 tivitatem
1380 251 1500 294 fuisset
1529 253 1577 294 ab
1597 268 1644 294 eo
1664 252 1843 300 liberata,
1874 269 1957 294 non

1166 312 1287 352 fuisset
1300 311 1465 352 exaltata
1492 312 1599 368 lhper
1628 326 1765 353 omnes
1789 311 1957 352 omnino

1163 386 1369 412 creaturas:
1402 372 1504 426 Ergo
1530 370 1662 411 debuit
1680 369 1847 410 essefine
1866 385 1955 426 pec-

1161 445 1249 470 cato
1282 442 1487 485 concepta.
1533 432 1630 470 Min.
1662 428 1831 469 constat:
1865 432 1955 482 quia

1163 492 1279 528 etiam
1304 486 1365 541 alij
1388 517 1399 533 ,
1440 500 1481 527 ut
1519 491 1736 540 S,Joannes
1766 487 1953 543 Baptista,

1162 549 1345 598 Jeremias
1365 574 1376 591 ,
1406 551 1480 587 &c.
1514 546 1598 602 post
1619 548 1920 601 conceptionem
1941 575 1952 591 ,

1163 619 1252 645 ante
1278 606 1539 651 nativitatem,
1569 604 1723 645 fuerunt
1755 603 1904 644 liberati
1933 603 1956 644 a

1165 676 1324 719 peccato
1335 661 1523 718 originali.
1584 665 1686 719 Ergo
1698 663 1722 704 fi
1734 665 1862 703 Mater
1873 665 1954 703 Dm

1165 724 1317 762 taiittim
1343 734 1431 761 ante
1452 721 1709 763 Nativitatem
1724 719 1846 762 fuisset
1862 720 1955 761 libe-

1166 795 1243 820 rata
1256 779 1276 820 a
1286 793 1448 836 peccato
1462 809 1471 824 ,
1492 779 1596 836 supra
1610 780 1680 820 hos
1692 782 1847 821 Sane-*tos
1868 795 1950 820 non

1160 836 1280 879 fmss'et
1306 837 1484 882 exaltata.
1545 840 1637 892 Maj.
1658 837 1767 879 Prob.
1810 841 1890 894 Qi
1910 842 1950 878 in

1160 896 1276 938 Coelo
1289 896 1343 936 est
1359 896 1546 936 exaltatus
1559 926 1569 942 ‚
1591 898 1695 952 super
1714 911 1850 937 omnes
1869 913 1951 938 cre-

1160 970 1309 1000 aturas,
1341 954 1467 995 multo
1491 954 1612 1011 magis
1640 958 1680 995 in
1715 955 1812 995 terra
1835 954 1951 996 debet

1158 1012 1230 1054 elle
1241 1013 1347 1069 super
1357 1028 1418 1053 eas
1441 1013 1627 1054 exaltatus
1643 1030 1652 1053 :
1684 1013 1757 1055 Sed
1770 1016 1812 1057 B.
1828 1016 1960 1071 Virgo,

1158 1076 1198 1113 in
1210 1072 1320 1114 Caelo
1332 1071 1402 1112 fuit
1414 1072 1581 1112 exaltata
1591 1071 1696 1128 super
1711 1087 1847 1113 omnes
1872 1089 1952 1113 cre-

1161 1145 1283 1171 aturas
1296 1160 1305 1176 ,
1318 1132 1422 1185 J'uxta
1436 1144 1611 1171 mentem
1624 1130 1811 1177 Ecclessae,
1824 1134 1864 1170 in
1881 1134 1949 1172 Fe-

1158 1189 1216 1230 sto
1239 1192 1422 1245 Asshmpt.
1460 1190 1628 1229 Exaltata
1642 1190 1796 1244 estsimlla
1810 1191 1873 1228 Dei
1885 1194 1950 1230 Ge-

1158 1249 1262 1287 nitrix
1294 1260 1369 1304 uper
1400 1248 1507 1287 choros
1526 1248 1726 1304 Angelorum
1746 1247 1791 1286 ad
1815 1249 1950 1303 Coelcstia

1153 1323 1259 1362 regna.
1322 1308 1422 1363 Ergo
1436 1336 1445 1352 ‚
1475 1313 1548 1348 δίε.
1589 1308 1691 1347 Min.
1707 1306 1817 1347 Prob.
1851 1310 1949 1349 Gra-

1159 1366 1229 1405 dus
1238 1364 1370 1422 gloria:
1385 1369 1424 1405 in
1441 1364 1562 1405 Patria
1583 1364 1856 1421 correspondet
1868 1381 1949 1422 gra-

1156 1424 1219 1463 dui
1235 1427 1362 1479 gratiae
1383 1427 1422 1463 in
1448 1423 1529 1469 via,
1562 1423 1769 1475 juxtaillud
1794 1423 1882 1464 Pffil.
1898 1429 1948 1476 83.

1157 1485 1310 1522 (mm'ltm
1332 1508 1343 1526 ‚
1396 1491 1434 1525 &
1477 1484 1614 1539 gloriam
1653 1482 1742 1521 dabit
1783 1484 1949 1522 Dominus.

1155 1542 1262 1596 quod
1288 1544 1407 1582 etiam
1458 1541 1664 1581 confirmat
1695 1545 1728 1581 S.
1757 1542 1951 1597 Hierony-

1154 1615 1238 1640 mus
1265 1603 1305 1638 in
1326 1602 1444 1640 Serm.
1466 1600 1514 1639 ad
1532 1599 1711 1642 Eustocb.
1757 1601 1847 1656 Qia
1858 1600 1897 1655 fic
1920 1616 1952 1639 er

1155 1674 1262 1697 omnes
1277 1658 1383 1697 choros
1394 1658 1593 1713 Angelorum
1602 1659 1635 1696 in
1649 1657 1761 1710 Coelestl
1778 1659 1882 1713 gloria
1893 1675 1952 1697 ex-

1157 1717 1264 1756 altata
1280 1746 1290 1763 ,
1314 1715 1440 1772 fignum
1450 1717 1506 1762 eli,
1542 1717 1639 1755 etiam
1649 1717 1681 1754 in
1697 1716 1951 1773 terrtisfuiffbsu-

1149 1788 1210 1832 per
1221 1791 1325 1814 omnes
1334 1775 1418 1814 alios
1437 1776 1470 1814 in
1473 1774 1589 1831 gratini*
1601 1774 1790 1814 exaltatam.
1825 1777 1944 1832 Ergo,

1152 1840 1227 1876 &a

1363 1932 1402 1983 ξ.
1420 1940 1469 1992 4.
1508 1925 1739 1997 fflstoria.

1187 2037 1388 2082 DaeMon
1410 2070 1425 2089 ,
1462 2037 1643 2086 NobILI
1681 2053 1796 2087 Hero
1814 2044 1909 2087 sVo
1973 2043 2083 2102 375.
2118 2052 2121 2054 ’

1277 2110 1461 2155 noCere
1487 2122 1586 2155 non
1608 2114 1809 2157 VaLens.

1257 2192 1347 2231 Erus
1381 2193 1539 2246 quidam
1562 2195 1717 2236 Nobilis
1744 2225 1753 2241 ,
1785 2201 1943 2252 permit-

1279 2263 1384 2290 tente
1408 2251 1454 2292 fic
1467 2255 1665 2301 Numine,
1692 2253 1839 2296 servum
1854 2255 1940 2296 lon-

1144 2319 1196 2367 go
1209 2320 1384 2364 tempore
1394 2309 1562 2361 habebat
1573 2312 1692 2368 ipsum
1703 2313 1939 2361 daemonem,

1145 2363 1210 2404 iub
1225 2365 1397 2408 hominis
1410 2368 1550 2425 specie,
1581 2371 1790 2413 fideliffime
1802 2372 1867 2412 fibi
1884 2374 1937 2414 fa-

1145 2423 1360 2467 mulantem
1384 2456 1395 2473 ,
1426 2427 1488 2468 sed
1517 2444 1663 2486 magno
1687 2433 1842 2471 interim
1862 2431 1937 2473 stu-

1145 2481 1234 2528 dio,
1267 2498 1308 2524 ut
1323 2487 1547 2529 Dominum
1567 2488 1671 2529 suum
1684 2489 1842 2544 perdere
1855 2520 1864 2535 ,
1891 2506 1935 2532 ac

1143 2545 1331 2583 :eternum
1364 2543 1430 2585 sibi
1460 2550 1681 2602 mancipare
1703 2546 1844 2602 pollet,
1876 2552 1934 2589 in-

1143 2612 1305 2641 tentum.
1366 2603 1512 2644 Placuit
1534 2619 1662 2645 autem
1684 2608 1840 2646 Divinae
1862 2612 1934 2648 mi-

1141 2656 1352 2701 sericordi'ae
1369 2691 1379 2708 ‚
1408 2661 1502 2702 illud
1517 2662 1635 2718 ipsum
1648 2693 1658 2709 ,
1690 2667 1729 2703 in
1745 2680 1823 2719 quo
1846 2668 1933 2707 No-

1140 2714 1226 2757 bilis
1241 2718 1474 2766 versabatur,
1505 2721 1715 2776 periculum
1754 2727 1820 2778 pio
1855 2729 1935 2766 cui-

1141 2774 1232 2815 dam
1247 2806 1256 2822 ,
1287 2793 1331 2818 ac
1347 2793 1499 2835 magna:
1517 2782 1731 2821 Sanffltatis
1745 2781 1934 2840 Episcopo

1140 2835 1381 2876 manifestare
1396 2865 1407 2882 ‚
1442 2840 1508 2892 qui
1532 2852 1627 2878 mox
1649 2839 1814 2881 domum
1826 2841 1935 2884 illam

1139 2893 1327 2934 accedens
1340 2920 1351 2937 ‚
1379 2897 1529 2936 Patrem
1540 2895 1701 2939 familias
1717 2899 1843 2941 invisit
1858 2931 1868 2946 ,
1889 2917 1933 2942 ac

1139 2951 1229 2991 data
1244 2952 1444 2993 occasione
1456 2982 1466 2999 ,
1499 2954 1547 2994 de
1560 2954 1751 2998 servorum
1763 2959 1934 3012 quorun—

1139 3009 1232 3049 dam
1246 3009 1443 3057 fidelitate,
1460 3012 1663 3055 discursum
1679 3019 1824 3071 incipit.
1851 3019 1930 3059 Hic

1139 3067 1292 3108 summis
1317 3067 1408 3111 servi
1431 3069 1483 3111 sui
1501 3070 1728 3114 fidelitatem
1758 3074 1929 3117 laudibus

1140 3127 1265 3166 Herus
1278 3127 1462 3169 extollere
1478 3159 1488 3175 ,
1510 3145 1555 3171 ac
1569 3146 1652 3186 quae
1663 3131 1728 3172 fibi
1744 3131 1926 3176 haerentis

1137 3184 1283 3225 servitia
1323 3186 1507 3232 indefessa
1542 3189 1744 3246 diligentia
1782 3192 1923 3247 praesti-

1781 3249 1888 3296 tillet,
