2164 3413
739 98 1062 178 Conceptus

396 224 437 290 §.
458 234 501 288 5.
522 215 801 296 Symbolum.

245 324 339 370 wa
359 321 555 386 IMera
562 309 629 435 ,Ca
639 307 838 376 Delpar&
848 313 966 360 Cor-

517 401 563 434 re
609 398 665 432 ta.

74 318 170 378 54·

228 1591 298 1634 Q:
307 1590 414 1630 primus
423 1588 531 1627 patitur
540 1587 693 1616 Tanatus
701 1584 812 1615 menda.
819 1583 953 1614 secundus

272 1631 410 1671 corrigit.
419 1629 549 1658 extinctis
557 1630 665 1659 auctior
673 1627 720 1656 hic
730 1626 860 1656 maculis.

231 1676 274 1706 Sic
283 1682 352 1714 quas
361 1672 451 1710 prima
460 1672 542 1711 gerit.
556 1670 630 1700 delet
641 1669 793 1698 correctior
802 1669 859 1696 Eva

270 1715 404 1745 Posterior
412 1712 547 1744 maculas,
562 1711 698 1741 Numinia
707 1711 785 1740 alma
801 1712 909 1739 varens.

296 1772 374 1805 Libn‘
389 1775 548 1815 apertisimt
558 1791 566 1803 .
582 1772 616 1808 ἀ
624 1774 701 1802 alius
709 1771 787 1803 Liber
795 1781 905 1813 apertus
915 1769 951 1805 est
960 1787 968 1798 .
980 1767 1029 1809 qul

231 1815 269 1854 0st
277 1819 353 1848 viu.
376 1819 462 1855 Apoc.
480 1825 524 1844 zo.
534 1826 559 1844 v·
572 1826 613 1844 ιιι

416 1879 454 1942 §.
471 1873 523 1927 6.
561 1872 860 1948 Antiquitas.

107 1972 192 2027 55.
233 1971 381 2015 Mater
402 1957 593 2019 ὲΡΙΙΛὲ,
613 1962 760 2011 Vbera
781 1968 1019 2024 traDente,

408 2037 560 2082 LaCte
580 2032 848 2081 sVstentata.

237 2122 490 2224 SAnguinis
505 2121 663 2175 ingenui
674 2116 876 2160 mulierem
891 2123 1032 2161 Praetor

313 2178 473 2235 quidam
483 2207 494 2224 ,
510 2178 610 2235 apud
622 2178 788 2219 tribunal
800 2177 917 2224 suum,
930 2182 1032 2235 capi-

238 2236 307 2280 tali
316 2239 478 2278 crimine
486 2236 711 2277 damnatam
720 2266 729 2282 ,
746 2236 895 2278 custodi
905 2253 1033 2278 carce-

241 2300 289 2337 ris
300 2295 517 2337 necandam
527 2294 813 2350 tradidit,quam
828 2295 891 2336 ille
908 2309 1020 2353 recep
1028 2328 1039 2334 -

244 2369 324 2397 tam
347 2369 428 2395 non
445 2357 620 2410 protinus
641 2353 662 2394 ὲ
681 2357 775 2395 vivis
786 2352 948 2400 sustulit,
976 2355 1038 2396 sed

245 2411 399 2469 aliquali
411 2426 538 2453 motus
549 2411 806 2453 misericordia
822 2438 832 2458 ‚
853 2410 970 2454 dilata
989 2413 1039 2454 ad

238 2486 397 2528 tempus
407 2472 636 2512 executione
647 2498 658 2517 ,
676 2471 824 2511 aditum
835 2471 884 2512 ad
894 2485 980 2512 eam
996 2472 1040 2513 fi-

249 2529 308 2572 liae
319 2530 500 2570 conceffit
510 2558 521 2576 ‚
552 2529 758 2586 diligenter
768 2542 899 2570 tamen
914 2530 1041 2572 excus-

249 2588 293 2630 sae
308 2617 318 2634 ,
352 2603 399 2628 ne
411 2588 504 2643 quid
516 2587 592 2629 cibi
609 2587 764 2629 inferret
775 2617 786 2634 ,
810 2587 858 2629 slc
873 2587 1041 2630 fiiturum

249 2645 481 2693 existimans,
502 2661 554 2693 ut,
564 2646 765 2704 quamipie
779 2647 966 2688 trucidare
976 2648 1042 2689 ab-

253 2704 449 2750 horrebat,
468 2704 571 2746 lenta
583 2705 741 2746 tandem
753 2719 878 2746 morte
888 2732 898 2751 2
931 2703 1042 2748 famis

255 2762 382 2803 inedia
399 2763 694 2805 confiimeretur.
755 2766 851 2805 Dies
886 2767 1043 2806 interim

253 2819 468 2878 complures
482 2821 776 2868 intercesserant,
809 2824 899 2863 cum
916 2821 1044 2864 secum

255 2877 328 2936 ipse
339 2881 710 2934 quaerens,quidnam
724 2879 933 2936 esset,qt1od
946 2896 1045 2922 tama

253 2939 320 2978 diu
334 2941 484 2994 captiva
495 2937 766 2985 sustentaretur,
782 2952 827 2980 ac
837 2939 1046 2996 supervive‘

254 3011 311 3038 ret
327 3009 337 3036 .>
368 2995 562 3037 observata
571 2998 745 3038 curiosius
760 2997 835 3038 filia
844 3026 854 3045 ‚
871 2999 1046 3040 animad-

255 3057 380 3099 vertit,
390 3069 488 3099 eam,
513 3064 597 3108 quae
610 3054 813 3111 lachrymis
824 3057 872 3098 ad
882 3072 1046 3099 matrem

255 3114 403 3154 aditum
413 3112 634 3169 impetrarat
646 3142 655 3158 ‚
676 3126 807 3155 exerto
818 3114 924 3156 illam
935 3116 1047 3157 ubere

256 3170 392 3212 laetare
404 3200 414 3217 ‚
444 3169 569 3227 ficque
590 3175 710 3214 vitam
719 3174 938 3229 protrahere
951 3179 1048 3230 peri.

1145 90 1288 151 Vlll.
1736 106 1799 160 25

1046 200 1149 232 turae,
1170 199 1287 239 quam
1301 182 1348 222 ab
1367 182 1446 238 ips&
1458 197 1655 239 acceperat
1667 212 1677 228 ,
1709 188 1747 224 &
1761 198 1844 237 qua:

1047 244 1137 284 alias
1157 257 1263 283 certo
1282 245 1419 281 certius
1438 241 1539 282 fame
1562 255 1641 282 erat
1653 245 1845 297 perimen-

1048 302 1107 342 da.

1050 359 1118 401 bus
1143 359 1346 415 triumphis
1391 357 1596 398 famosius!
1630 357 1708 412 quo
1741 362 1848 397 enim

1050 433 1133 459 non
1147 431 1340 474 penetrat,
1363 431 1426 457 aut
1446 417 1538 471 quid
1552 430 1633 456 non
1654 431 1848 471 excogitat

1051 475 1202 517 devotae
1219 474 1334 531 prolis
1347 490 1437 531 erga
1449 477 1677 531 genitricem
1699 478 1815 529 pictas
1838 505 1847 519 ‚

1051 548 1135 590 quae
1156 537 1196 573 in
1232 549 1380 573 carcere
1406 538 1523 573 etiam
1551 531 1736 587 squallido
1759 533 1848 573 dare

1050 596 1171 634 vitam
1187 591 1263 631 fine
1286 590 1374 631 cibo

1052 649 1153 692 festo
1178 648 1314 689 mulier
1326 649 1407 688 haec
1426 647 1606 705 exemplo
1632 648 1696 690 suo
1734 648 1848 695 illud,

1054 708 1161 764 quod
1173 706 1306 758 Paulus
1345 723 1369 746 1.
1384 707 1432 747 ad
1453 707 1619 748 Timoth
1643 723 1672 758 ς.
1706 707 1852 748 filiabus

1174 299 1406 356 Exemplum
1418 299 1519 340 certe
1537 303 1685 355 pietatis
1698 329 1707 344 ‚
1719 302 1847 339 omni-

1415 593 1540 647 potuit
1565 605 1576 631 ,²
1607 590 1740 632 docuit
1766 606 1852 647 pro-

1057 764 1250 809 inculcat:
1286 764 1423 820 Difiant
1447 766 1589 821 primz‘cm
1616 765 1740 806 domum
1756 766 1853 820 fitam

1057 841 1172 883 regere,
1197 832 1234 867 &¹
1250 838 1392 863 mutuam
1404 824 1508 863 wicem
1521 823 1648 862 reddere
1650 825 1853 879 parentibm:

1059 885 1114 926 hoc
1126 884 1207 923 enim
1218 894 1380 939 acceptum
1401 880 1441 936 est
1459 898 1565 920 coram
1577 883 1688 920 DEO.
1748 880 1854 938 Qid

1060 958 1153 1000 ergo
1168 945 1332 986 mirum,
1363 940 1387 979 fi
1405 938 1603 996 spec-iaculi
1627 943 1723 979 tanti
1746 944 1857 981 novi-

1062 1016 1140 1044 tate
1153 999 1201 1041 ad
1213 1002 1420 1040 Praetorem
1454 997 1600 1043 delata,
1624 1004 1664 1040 «Sc
1686 997 1820 1039 abhoc
1842 1028 1851 1045 ,

1066 1059 1115 1101 ad
1129 1056 1341 1111 Consulum
1353 1057 1536 1111 judicium
1550 1055 1710 1102 remiis&
1742 1058 1863 1098 dona-

1067 1132 1107 1160 ta
1116 1117 1170 1159 est
1182 1116 1316 1157 Matris
1334 1114 1425 1156 lalus
1447 1116 1579 1172 pietati
1602 1114 1704 1154 Filia:
1719 1144 1728 1160 ‚
1761 1124 1799 1158 ὃς
1813 1132 1861 1157 ne

1068 1176 1161 1233 quid
1172 1176 1220 1216 ad
1234 1175 1425 1215 honorem
1442 1171 1599 1218 deellet,
1631 1173 1754 1214 ambae
1767 1175 1863 1231 pub-

1069 1236 1151 1276 licis
1173 1233 1365 1275 alimentis
1396 1232 1646 1288 imposterum
1687 1231 1864 1274 iustenta-

1069 1309 1117 1336 tae
1136 1293 1298 1334 fuerunt.
1355 1292 1417 1330 Ne
1431 1306 1559 1330 autem
1581 1305 1696 1331 rantae
1720 1307 1771 1331 rei
1786 1308 1866 1332 me-

1070 1355 1195 1394 moria
1246 1349 1490 1389 intercideret
1524 1379 1533 1394 ‚
1575 1348 1664 1389 loco
1709 1356 1866 1392 carceris

1072 1413 1170 1452 Deae
1185 1410 1321 1449 Pietati
1337 1406 1558 1447 consecrato
1570 1436 1579 1451 ‚
1612 1410 1686 1447 Ara
1698 1411 1867 1461 ejusdem

1072 1469 1163 1510 illuc
1191 1465 1397 1508 constituta
1422 1465 1485 1505 est.
1559 1465 1687 1504 ‘Plinius
1699 1467 1718 1505 l.
1732 1485 1763 1515 7.
1778 1485 1801 1508 c.
1816 1481 1866 1516 56·

1073 1527 1178 1569 sabel.
1192 1527 1213 1566 l.
1226 1542 1256 1571 3.
1270 1541 1295 1564 c.
1309 1534 1342 1564 6.
1374 1523 1483 1564 Valer,
1498 1526 1604 1563 “Ala-v.
1620 1530 1638 1563 ί.
1653 1541 1682 1569 5.
1699 1542 1723 1564 c.
1736 1544 1771 1571 4·

1160 1601 1337 1644 Eandem
1369 1602 1518 1659 prorsus
1539 1602 1722 1659 pietatem
1757 1605 1779 1646 ὰ
1799 1606 1874 1649 filii

1076 1659 1245 1717 quadem
1279 1660 1371 1704 aha,
1396 1663 1491 1701 Pero
1514 1661 1651 1703 vocata
1671 1689 1681 1705 ‚
1713 1666 1873 1707 Cononj

1077 1724 1229 1764 Parenti
1256 1717 1321 1761 suo
1351 1723 1505 1776 captivo
1527 1719 1738 1762 exhibitam
1760 1753 1770 1768 ‚
1802 1727 1873 1766 Hi-

1080 1780 1202 1822 storiae
1214 1778 1396 1836 produnt.

1165 1853 1354 1897 Acculent
1388 1853 1511 1897 modo
1528 1887 1537 1901 ,
1569 1853 1594 1897 fi
1618 1856 1780 1913 possunt,
1806 1867 1875 1901 crim

1080 1917 1186 1955 mine
1199 1916 1356 1971 pellimo
1366 1945 1377 1960 ,
1408 1919 1554 1971 peccati
1568 1917 1762 1972 originalis
1776 1935 1877 1960 ream

1083 1976 1284 2019 MARIAM‚
1318 1975 1395 2027 ejus
1436 1973 1589 2013 illibata:
1642 1978 1876 2019 innocentii:

1082 2032 1228 2072 hostes!
1252 2031 1370 2072 sciant
1390 2046 1522 2071 tamen
1544 2060 1553 2076 ,
1586 2032 1877 2076 misericor-dilli—

1081 2105 1191 2131 mum
1205 2092 1364 2131 Numen
1384 2105 1466 2130 non
1479 2090 1607 2130 statim
1625 2091 1755 2136 illam,
1787 2111 1876 2136 cum

1081 2148 1162 2203 alijs
1187 2149 1280 2190 Adae
1303 2148 1481 2204 posteris,
1515 2152 1555 2188 in
1588 2156 1847 2207 conceptione
1867 2185 1877 2200 ,
1910 2179 1913 2181 >

1081 2209 1198 2248 morti
1209 2205 1403 2251 addixisse,
1434 2206 1496 2247 sed
1508 2221 1601 2248 mox
1623 2210 1769 2249 aditum
1782 2213 1879 2253 Filio

1087 2264 1323 2312 conceffille,
1365 2268 1430 2320 qui
1457 2269 1496 2305 in
1523 2268 1650 2322 primo
1678 2267 1800 2309 statim
1823 2277 1880 2311 in-

1087 2323 1222 2370 stanti,
1253 2327 1330 2378 ejus
1371 2324 1627 2379 indigentiam
1666 2340 1880 2381 praeventu-

1088 2397 1148 2423 rus
1171 2412 1181 2428 ,
1223 2382 1379 2426 vulnera
1419 2382 1515 2422 olim
1548 2381 1570 2422 ὲ
1608 2384 1748 2435 Judaeis
1782 2388 1881 2429 inl-li-

1088 2440 1215 2497 genda
1252 2456 1323 2498 pro
1358 2443 1597 2481 nutrimento
1624 2441 1788 2491 obtulit,
1816 2447 1881 2488 lic-

1090 2497 1164 2555 (que
1180 2498 1307 2545 illam,
1339 2500 1442 2552 cujus
1463 2512 1639 2539 materno
1659 2500 1732 2557 ipse
1751 2503 1845 2546 lacte
1868 2536 1878 2553 ‚

1090 2557 1260 2598 humana
1285 2562 1325 2598 in
1351 2571 1464 2597 carne
1490 2583 1501 2602 ‚
1532 2561 1666 2598 nutriri
1693 2560 1880 2605 deiidera-

1092 2613 1186 2663 bat,
1218 2616 1357 2673 praevia
1394 2616 1624 2672 gratitudine
1648 2645 1658 2664 ,
1702 2618 1881 2677 languine

1092 2679 1249 2731 proprio
1291 2674 1524 2719 sustentavit,
1556 2689 1600 2714 ac
1625 2704 1634 2721 ‚
1667 2691 1716 2717 ne
1755 2693 1880 2724 morte

1092 2732 1295 2774 communi
1331 2747 1397 2789 per
1438 2732 1624 2789 originale
1668 2734 1882 2788 deleretur,

1092 2791 1251 2832 sollicite
1271 2793 1512 2848 procuravit:
1546 2805 1585 2831 ut
1605 2795 1645 2831 in
1667 2805 1746 2833 tam
1762 2796 1883 2854 fingu-

1093 2849 1178 2891 laris
1196 2848 1382 2906 privilegij
1397 2848 1719 2897 recordationem,
1738 2856 1883 2900 Minui

1164 2923 1318 2963 quoque
1331 2910 1410 2962 jure
1423 2906 1562 2946 merito
1573 2910 1650 2947 Ara
1664 2911 1803 2952 Pictam

1388 2965 1464 3005 dici
1477 2965 1594 3021 poffit.

1473 3063 1531 3080 2*
