2164 3413
331 928 387 949 „W
455 900 551 931 mus,
564 886 936 942 Septingentefimus,
946 885 1215 926 Duodecimus
1229 913 1238 928 ,
1261 886 1420 925 iiivecffae
1432 885 1480 925 ad
1493 889 1552 926 SS.
1567 888 1955 933 UDALRICuM&

309 976 315 981 .
335 944 397 991 {3³55
454 945 653 989 AFRAM,
665 944 922 984 Benedistinae
939 943 1076 983 nostrae
1092 941 1257 983 colonia:
1272 943 1430 997 septima
1442 946 1523 984 vice
1536 943 1739 990 Saecularis,
1753 948 1842 985 cum
1858 950 1955 986 inte-

229 1005 310 1052 wJ‘f
341 1025 344 1028 >
364 1002 417 1051 *xj
453 1005 530 1042 rior
544 1001 718 1043 Ecclefiae
738 1003 875 1043 nostrae
904 1001 1125 1043 Monastico
1141 1028 1156 1033 -
1172 1001 1404 1041 parochialis·
1426 1001 1559 1047 facies,
1591 1002 1639 1041 ad
1658 1017 1820 1043 omnem
1831 1003 1954 1060 splen-

381 1053 410 1079 '³'
455 1061 611 1106 dorem,
647 1076 692 1100 ac
717 1061 977 1115 majestatem,
1009 1063 1160 1101 noviter
1182 1061 1406 1100 exornanda
1427 1059 1712 1116 suscipiebatur,
1743 1061 1950 1117 decorique

451 1119 723 1165 DomfisDEl,
762 1133 821 1160 tot
832 1119 1483 1175 pretiolisSanCtorumMartyrum,
1515 1134 1558 1158 ac
1575 1118 1950 1174 Episcoporumexu-

77 1177 146 1230 vijs
168 1175 343 1231 inclytae,
374 1175 637 1232 multipliciter
655 1177 931 1233 amplificando
947 1206 957 1223 ,
1000 1176 1114 1217 nulla:
1138 1175 1445 1218 formidabamus
1461 1180 1658 1233 impense,
1689 1178 1950 1234 compluribus

75 1233 296 1289 opificibus,
331 1234 634 1290 artificibusque,
661 1235 783 1292 longo
806 1235 1023 1277 admodum
1043 1249 1219 1291 tempore
1235 1263 1247 1279 ‚
1287 1234 1347 1290 pia
1370 1264 1381 1281 ‚
1414 1235 1476 1276 sed
1497 1235 1728 1276 foeneratitifi
1753 1239 1951 1278 Reveren-

76 1292 211 1332 diffimi
224 1321 235 1339 ‚
266 1307 313 1332 ac
328 1293 555 1348 Ampliffimi
576 1296 744 1334 Domini
760 1323 771 1340 ‚
804 1296 972 1335 Domini
982 1292 1098 1334 nostri
1111 1292 1270 1334 Abbatis
1293 1297 1339 1332 W
1353 1294 1367 1332 I
1380 1295 1412 1335 L
1425 1295 1440 1335 Ι
1452 1296 1525 1334 ΒΑ
1539 1296 1569 1334 L
1581 1296 1621 1334 D
1639 1296 1655 1335 1
1682 1294 1950 1351 prodigalitate

74 1354 116 1390 in
128 1350 365 1391 Monasterio
387 1351 611 1392 sustentatis.
674 1355 746 1392 His
770 1352 1094 1409 igituromnibus,
1125 1350 1246 1392 labori
1258 1350 1434 1405 quolibet
1445 1351 1529 1397 suo,
1561 1367 1604 1391 ac
1622 1353 1834 1397 industriae‚
1859 1353 1951 1395 stre-

74 1409 151 1461 nu'a
171 1408 377 1450 affiduitate
388 1412 568 1455 intentis,
597 1411 840 1451 oecafionem
863 1410 998 1466 lumpsi
1024 1417 1064 1452 &
1089 1424 1186 1465 ego,
1217 1423 1355 1450 vacuas
1397 1415 1408 1461 (
1422 1410 1447 1450 si
1464 1425 1549 1464 quae
1571 1409 1795 1466 superess'ent
1820 1411 1951 1467 aquo-

74 1468 229 1508 tidianis
242 1483 340 1508 curae
351 1468 583 1509 Parocliialis
601 1471 789 1525 negotijs)
820 1470 932 1510 horas
953 1474 993 1509 in
1014 1469 1054 1508 id
1076 1468 1302 1524 impendere
1315 1497 1324 1513 ‚
1356 1482 1396 1508 ut
1414 1471 1523 1524 Opus
1541 1468 1741 1522 quoddam
1768 1470 1951 1512 Chrono-

73 1526 324 1582 graphicum,
352 1529 470 1568 Anno
483 1531 671 1574 currenti,
700 1543 745 1569 ac
767 1527 914 1569 Saeculo
929 1526 1059 1567 nostro
1082 1526 1216 1583 septies
1242 1525 1416 1567 absoluto
1442 1527 1745 1583 correspondens
1760 1557 1770 1574 ,
1802 1543 1871 1584 pro
1895 1544 1951 1570 te-

73 1588 221 1626 nuitate
233 1584 332 1631 mea,
348 1588 388 1624 in
402 1585 529 1626 lucem
543 1585 774 1642 proferrem:
807 1586 1014 1642 indignum
1033 1585 1202 1626 omnino
1221 1599 1339 1631 ratu-5,
1368 1585 1520 1640 reliquis
1537 1589 1575 1625 in
1596 1586 1951 1629 Parochialinostra

75 1643 241 1684 Ecclesia
261 1642 459 1699 splendide
485 1644 712 1685 adornanda
733 1659 813 1685 tam
840 1644 978 1686 assidui:
1021 1643 1305 1689 laborantibus,
1337 1642 1459 1685 solum
1501 1659 1582 1684 non
1622 1643 1796 1686 laborare
1836 1649 1951 1687 Paro·

73 1701 214 1748 chum,
244 1705 409 1758 tempori
427 1701 602 1745 Saeculari
623 1703 684 1745 vel
704 1703 794 1745 ideo
816 1703 899 1760 plus
930 1706 1074 1744 caeteris
1109 1703 1347 1760 obligatum,
1375 1706 1464 1758 quia
1484 1705 1602 1743 Anno
1633 1703 1801 1744 similiter
1827 1707 1953 1746 Saecu-

77 1758 172 1806 lari,
208 1759 417 1815 Millefimo
442 1765 640 1808 nimirum,
674 1762 1043 1818 Septingentefimo,
1079 1762 1128 1802 ad
1141 1777 1246 1803 curas
1264 1761 1504 1802 parochiales
1520 1761 1683 1818 gratiose
1703 1761 1949 1819 affumpturn,

74 1831 189 1872 atque
212 1818 330 1859 nostri
351 1822 564 1861 etiamnum
584 1820 716 1862 Saeculi
734 1835 908 1877 tempore
929 1848 939 1867 ,
970 1820 1175 1876 indignum
1205 1818 1317 1865 licet,
1350 1820 1455 1860 idem
1474 1834 1612 1861 munus
1633 1835 1698 1876 per
1716 1821 1950 1863 Parochiam

73 1877 244 1918 nostram
266 1877 540 1919 Udalricanam
575 1878 841 1919 administrare
872 1878 1100 1936 permiffum.
1251 1878 1371 1919 Porro
1392 1876 1494 1918 circa
1523 1881 1750 1922 materiam,
1782 1880 1950 1936 proposi.

73 1948 118 1975 to
138 1935 228 1976 huic
249 1939 410 1993 negotio
438 1936 711 1989 subiiciendam
726 1967 737 1985 ‚
768 1937 863 1978 dum
895 1936 1078 1993 paulisper
1099 1935 1309 1976 haesitarem
1324 1966 1333 1982 ,
1364 1940 1603 1993 quantocyus
1622 1940 1663 1977 in
1689 1951 1864 1978 mentem
1884 1954 1948 1979 ve-

73 1997 134 2034 nit
151 1994 240 2041 illa,
268 2009 353 2049 quae
380 2010 426 2034 ex
454 1995 598 2037 melleo
618 1995 915 2037 Clarevallensis
940 1995 1058 2036 nostri
1078 1994 1236 2036 Abbatis
1253 1994 1431 2049 eloquio,
1460 2000 1603 2035 Serm.2.
1629 1996 1663 2034 in
1679 1997 1809 2036 Pentec.
1832 1998 1948 2053 Nego-

74 2052 155 2091 tium
167 2052 220 2093 est
236 2054 371 2092 omnium
381 2055 566 2094 saeculorum
577 2084 587 2100 ,
617 2069 702 2109 qua:
721 2057 838 2095 etiam
849 2053 1099 2095 dulciffimam
1116 2054 1166 2094 sui
1182 2057 1426 2100 memoriam,
1439 2053 1617 2095 similibus
1633 2055 1837 2110 praesertim
1849 2068 1947 2095 tem-

74 2111 240 2166 poribus,
265 2111 498 2168 singulariter
531 2111 732 2169 exposcere
767 2112 916 2154 videtur
936 2142 946 2158 ‚
989 2112 1140 2152 dicens:
1174 2113 1340 2151 ‘Memoria
1369 2128 1440 2152 mea
1463 2113 1496 2151 in
1513 2114 1719 2168 generatione
1742 2114 1941 2154 Saeculorum.

75 2169 191 2209 Eccli.
208 2186 238 2209 c.
254 2185 310 2222 24.
338 2187 371 2210 v.
387 2175 440 2211 28.
501 2171 712 2227 Ea'propter
739 2198 749 2214 ‚
780 2174 871 2211 cum
898 2171 1094 2226 puriffimae
1118 2170 1226 2223 hujus
1242 2172 1384 2216 DEI,
1418 2170 1703 2227 hominumque
1728 2171 1949 2213 communis

75 2228 246 2269 Parentis
268 2227 454 2284 obsequiis
476 2245 538 2270 me
563 2231 642 2284 jam
661 2230 809 2286 pridem
841 2229 1009 2270 millenis
1040 2245 1087 2269 ex
1120 2228 1236 2269 titulis
1265 2228 1496 2269 dedicassem
1513 2259 1521 2274 ‚
1554 2244 1666 2284 atque
1693 2229 1841 2285 saepiuS,
1872 2230 1950 2285 qua

76 2288 116 2326 in
131 2301 168 2326 re
191 2287 350 2327 tandem
371 2303 607 2344 conceptum
619 2291 709 2329 DEI
728 2291 937 2329 Genitricis
961 2303 1157 2334 amorem,
1188 2286 1487 2343 promptamque
1514 2290 1598 2342 Ejus
1625 2288 1784 2328 honoris
1806 2303 1876 2344 pro
1891 2295 1948 2330 vi-

76 2343 176 2384 ribus
197 2347 454 2401 promovendi
479 2346 721 2388 voluntatem
753 2345 965 2402 patefacere
1002 2345 1173 2402 poffem,
1213 2345 1372 2387 lollicite
1417 2361 1570 2386 mecum
1604 2345 1678 2401 ipse
1707 2347 1943 2388 meditarer:

76 2402 233 2444 scribere
251 2404 410 2445 demum
427 2435 436 2449 ,
470 2405 670 2446 occasione
694 2404 930 2446 dietiSaeculi
946 2405 1087 2450 nostri,
1117 2403 1296 2457 quaedam
1313 2403 1493 2445 constitui
1514 2405 1562 2444 de
1576 2406 1750 2445 MARIA
1765 2431 1776 2448 ‚
1810 2409 1945 2460 &qui-

75 2461 167 2501 dem
179 2462 253 2502 sine
268 2468 377 2504 omni
388 2462 471 2504 labe
502 2463 713 2520 conceth
744 2477 803 2504 tot
823 2462 934 2504 Illam
951 2463 1093 2504 vicibus
1105 2462 1455 2519 Chronographice
1475 2462 1698 2503 exhibendo
1720 2464 1945 2505 immacula-

76 2533 179 2564 tam,
209 2535 305 2574 quot
324 2536 447 2562 annos
462 2522 664 2568 hactenus,
696 2524 880 2562 nimirum
896 2521 1176 2578 leptingentos‚
1193 2524 1454 2562 BENEDICTINI
1467 2521 1516 2562 ad
1537 2525 1594 2563 SS.
1611 2524 1944 2565 UDALRICUM

75 2580 337 2626 &AFRAM‚
367 2582 483 2622 DEO
512 2581 763 2623 conservante
788 2583 1079 2624 numeravimus.
1168 2581 1275 2620 Huic
1296 2595 1389 2636 ergo
1412 2585 1570 2636 negotio
1602 2595 1684 2620 non
1715 2580 1842 2621 obiter
1859 2596 1943 2622 tan-

76 2638 160 2677 tum
171 2636 426 2692 perficiendo,
457 2638 692 2686 haudsecsis,
724 2655 769 2680 ac
789 2639 815 2680 fi
835 2638 1012 2680 struc‘kura
1027 2638 1204 2694 quaedam
1222 2637 1388 2680 sublimis
1402 2665 1414 2682 ‚
1443 2652 1557 2694 atque
1583 2638 1736 2696 elegans
1757 2639 1855 2679 mihi
1871 2644 1943 2680 eri-

75 2696 204 2751 genda
225 2694 343 2742 foret,
370 2699 492 2738 varios
515 2698 608 2739 hinc
630 2698 720 2738 inde
742 2698 888 2754 lapides
924 2695 1086 2754 collegi,
1111 2712 1157 2738 ac
1188 2698 1346 2752 quidem
1368 2712 1440 2753 pro
1465 2697 1723 2738 fundamento
1757 2712 1943 2739 centenos·

78 2757 197 2795 Sacra:
214 2756 410 2809 Scripturae
422 2758 566 2797 Textus
589 2756 755 2798 studiose
776 2755 1009 2811 conquisitos
1038 2754 1162 2812 posui,
1190 2759 1231 2795 in
1261 2756 1462 2810 lubjefftam
1487 2758 1769 2812 Conceptionis
1790 2771 1942 2797 materi-

77 2827 141 2853 am
156 2839 167 2856 ‚
199 2811 302 2852 facili
335 2818 400 2863 (ut
410 2814 716 2856 mihividebatur
737 2820 746 2865 )
779 2814 933 2861 labore,
956 2814 1124 2855 totidem
1142 2814 1409 2870 Conceptibus
1425 2813 1685 2870 explicandos.
1747 2816 1943 2856 Centenas

76 2870 258 2927 praeterea
290 2874 537 2913 Summorum
557 2873 813 2919 Pontificum,
851 2872 1144 2918 Conciliorum,
1186 2872 1247 2915 vel
1283 2872 1385 2913 certe
1423 2875 1578 2914 Patrum
1608 2871 1841 2913 diversorum
1863 2876 1942 2914 Au-

76 2929 296 2975 thoritates,
323 2929 427 2984 quasi
448 2930 613 2972 totidem
640 2931 864 2977 columnas,
895 2930 1144 2972 sustentandae
1157 2931 1252 2972 moli
1274 2930 1492 2972 necessarias
1512 2930 1686 2971 fiibstitui.
1747 2931 1941 2972 Fenestra-

76 3003 161 3030 rum
173 2987 277 3034 loco,
305 3001 371 3043 per
386 3002 476 3041 quas
492 2988 623 3029 lumen
636 2993 876 3046 reciperetur,
907 3003 1066 3030 centum
1077 2992 1264 3030 Rationes
1276 3018 1286 3035 ,
1313 2988 1373 3030 seu
1394 2989 1587 3046 singularis
1600 2988 1708 3041 hujus
1724 2990 1940 3031 Muniam

76 3050 336 3104 praerogativae
366 3050 654 3102 congruentias,
684 3063 730 3088 ex
759 3049 908 3090 diversis
937 3046 1178 3088 facultatibus
1218 3051 1353 3104 petitas
1391 3049 1555 3101 adjunxi.
1617 3047 1677 3087 Ad
1718 3050 1941 3090 interiorem

76 3106 271 3160 quendam
283 3104 430 3158 aedificij
450 3119 628 3146 ornatum
650 3134 661 3152 ,
690 3108 899 3153 Historias,
929 3106 990 3147 {eu
1011 3105 1194 3146 miracula
1219 3121 1377 3146 centum
1398 3106 1445 3145 de
1461 3105 1597 3145 eadem
1614 3104 1772 3145 materia
1793 3135 1804 3151 ,
1837 3106 1941 3160 qnasl

75 3164 242 3205 totidem
253 3162 444 3220 elegantes
466 3165 625 3220 picturas
647 3164 812 3206 exhibui.
870 3167 1042 3208 Centum
1058 3162 1205 3221 insuper
1218 3163 1422 3219 Symbola,
1454 3163 1513 3203 leu
1525 3161 1776 3206 Emblemata‚
1800 3166 1939 3220 pusilli-

1012 3221 1057 3273 (b
1076 3228 1087 3272 )
1816 3238 1888 3262 mae
