2164 3413
141 821 274 887 484.

359 92 450 163 238

331 179 442 202 εει

917 185 1120 192 .....

432 194 1121 214 ==:===2========

1159 183 1460 194 ·..···.*

1159 191 1944 213 =,:::=====⁰==::===

535 360 688 441 De)
727 357 1106 466 Concepta
1146 358 1356 438 Sacra
1403 357 1733 465 Deiparei.

681 524 1297 595 *CONCEPTUS
1381 522 1606 591 LXX.

516 676 558 728 §-
586 680 621 719 1.
661 668 918 740 Scriptura.

371 763 442 808 Vt
491 759 833 808 CastrorVM
878 764 1052 811 aCIes

566 833 875 878 orDInata.

315 921 430 962 Cant.
456 932 489 959 c-
504 923 536 959 6.
552 934 585 961 v.
605 933 637 970 3.
668 925 713 959 Ut
739 919 913 971 castrorum
948 918 1034 959 acies
1063 934 1114 960 or-

429 976 556 1017 dinam.

314 1054 673 1197 ADmirand-is
691 1052 863 1111 profesto
875 1052 1113 1109 metaphoris

471 1112 634 1169 Sponsus
647 1117 762 1154 utitur
772 1115 938 1155 Divinus
950 1141 961 1159 ,
989 1125 1030 1152 ut
1042 1110 1111 1151 suae

473 1175 613 1228 partim
651 1169 804 1228 Sponsae
858 1169 1111 1227 pulchritudi-

315 1243 431 1275 nem,
459 1232 598 1286 partim
611 1228 702 1271 alias
723 1232 1011 1286 praerogativas‚
1039 1243 1110 1285 pro

313 1289 459 1332 meritis
479 1287 661 1329 extollat:
691 1302 853 1343 quarum
866 1301 907 1329 ut
926 1303 973 1328 ex
992 1286 1108 1344 pluri-

312 1344 383 1386 bus
400 1360 518 1388 unam
536 1348 688 1388 tantum
703 1345 768 1387 hic
801 1346 880 1387 loci
911 1349 1108 1387 examine-

312 1418 411 1450 mus,
423 1408 476 1445 ait
489 1404 538 1445 de
551 1403 627 1451 illa,
650 1408 769 1446 Sacris
780 1408 821 1445 in
834 1407 1027 1446 Canticis:
1062 1413 1108 1445 th

310 1463 483 1519 castrorum
493 1464 576 1502 acies
587 1462 746 1503 ordinata.
780 1469 820 1505 ὃς
831 1463 936 1518 quid,
955 1463 1104 1505 amabo!

310 1535 384 1579 pro
408 1520 655 1562 immaculata
682 1524 852 1578 Virginis
885 1524 1066 1578 Deiparae
1093 1551 1105 1568 ‚

310 1593 381 1635 per
402 1578 589 1635 Sponsam
608 1579 892 1636 intelligendae,
925 1582 1107 1637 Concep-

307 1640 418 1678 tione
429 1636 588 1694 proferri
620 1651 771 1694 poterat
791 1639 1106 1684 accomodatius,

308 1693 429 1749 quam
453 1695 657 1752 hocipsum
675 1695 825 1736 ordinata
846 1697 926 1736 aciei
952 1696 1109 1752 praecla-

309 1767 399 1794 rum
418 1756 644 1794 encomium
667 1766 678 1794 ‚³
708 1754 918 1797 Enimvero
937 1754 963 1795 fi
983 1769 1109 1796 atten-

311 1814 385 1853 tius
416 1811 513 1857 illud
538 1815 760 1854 examinare
790 1812 940 1859 lubeat,
974 1813 1111 1870 suppo-

309 1870 489 1911 nendum
507 1869 695 1926 imprimis
726 1870 808 1918 est,
840 1871 890 1913 ad
910 1872 1028 1913 Aciem
1058 1887 1110 1912 or-

309 1927 461 1968 dinatam
494 1927 702 1971 necessario
729 1933 901 1985 requiri,
951 1944 994 1971 ut
1028 1943 1110 1971 tam

309 1989 548 2044 principium
568 1988 665 2042 ejus,
697 1987 816 2042 quam
831 1988 1006 2030 medium
1020 2015 1034 2034 ,
1064 2003 1110 2030 ae

310 2045 423 2089 finis,
456 2044 555 2086 adeo
571 2044 670 2086 bene
694 2046 766 2086 lint
781 2045 952 2093 ordinata,
981 2060 1023 2087 ut
1042 2062 1110 2087 ne.

310 2117 388 2158 que
416 2105 458 2143 in
475 2106 615 2159 primas
632 2132 643 2149 ‚
675 2117 802 2157 neque
827 2108 869 2144 in
895 2104 1078 2145 secundas
1099 2135 1109 2152 ,

308 2175 438 2216 neque
449 2164 491 2202 in
514 2165 641 2202 tertias
663 2161 844 2202 cohortes
864 2191 874 2207 ‚
907 2162 1008 2203 hosti
1020 2163 1112 2218 'adi-

312 2234 371 2261 tus
385 2234 513 2276 patere
528 2220 656 2276 poffit5
687 2219 713 2259 si
733 2223 839 2259 enim
852 2234 928 2260 una
942 2234 1112 2261 tantum-

308 2278 438 2321 modo
477 2293 524 2318 ex
551 2277 623 2320 illis
648 2278 836 2324 caedatur,
878 2291 942 2318 aut
975 2279 1111 2325 cedat,

311 2352 397 2379 non
408 2337 489 2392 jam
511 2336 611 2377 bene
636 2341 708 2376 erit
729 2335 878 2376 ordinata
897 2337 980 2376 acies
1012 2354 1020 2377 :
1053 2350 1112 2377 to-

310 2409 371 2436 tus
397 2398 582 2436 exercitus
598 2424 608 2440 ,
649 2407 732 2434 tota
752 2394 870 2435 castra
886 2397 927 2434 in
953 2394 1113 2449 praesen-

310 2454 450 2495 tiffimo
463 2452 706 2495 versabuntur
723 2451 903 2508 periculo.
927 2454 1020 2508 Qo
1030 2452 1111 2510 sup-

312 2513 440 2569 pofito
452 2541 462 2558 ,
483 2512 508 2552 sl
520 2526 750 2566 quaeramus:
783 2509 903 2565 qualis
917 2525 1009 2566 ergo
1026 2513 1109 2551 Aci-

310 2587 346 2611 es
370 2570 434 2616 fit,
464 2584 530 2610 aut
540 2569 651 2610 fuerit
662 2573 785 2625 Virgo
798 2568 1030 2610 Beatiffima?
1057 2569 1110 2611 fa-

314 2632 386 2670 teri
397 2628 501 2669 haud
517 2627 633 2668 dubie
656 2641 843 2683 cogentur
866 2628 911 2681 ij,
943 2631 1008 2681 qui
1032 2631 1107 2668 ori-

314 2686 488 2744 ginalem
510 2689 550 2726 in
567 2686 632 2727 illa
655 2685 785 2726 labem
812 2684 1001 2729 astruunt,
1033 2690 1107 2741 pri-

313 2760 423 2786 mam
447 2746 525 2800 ejus
550 2745 648 2784 aciem
663 2743 692 2785 »a
712 2743 871 2785 diabolo
890 2742 994 2784 fuiffie
1017 2759 1104 2799 pro‘

311 2803 493 2845 stratam:
522 2816 710 2859 cogentur
732 2802 948 2843 concedere
973 2830 985 2848 ,
1016 2805 1107 2842 MA-

311 2875 422 2902 RIAM
457 2864 497 2902 in
537 2865 664 2917 primo
694 2859 892 2917 congreffu
920 2889 932 2906 ‚
963 2858 1108 2902 evafiffe

311 2923 508 2975 captivam
544 2918 663 2960 hostis
684 2922 864 2965 tartarei·,
893 2917 981 2959 licet
1006 2919 1108 2974 post-

313 2978 480 3018 modum
507 2981 545 3017 in
562 2978 707 3023 medio,
738 2976 869 3023 idest,
900 2975 1042 3031 reliqua
1053 2980 1107 3018 vi-

313 3035 374 3080 tii,
410 3038 506 3074 acin
520 3035 608 3081 fine,
640 3034 678 3075 id
694 3035 747 3076 est
764 3065 773 3080 ‚
797 3038 837 3075 in
850 3049 995 3080 morte,
1025 3049 1106 3075 ma-

307 3094 370 3149 gis
389 3092 544 3133 favente
557 3092 648 3134 belli
659 3093 740 3133 alez'i
751 3121 761 3138 ‚
793 3094 841 3134 de
857 3093 965 3134 hoste
977 3096 1109 3134 trium-

311 3150 452 3208 pharit.
514 3153 668 3192 Prorsus
702 3164 832 3193 autem
871 3154 1107 3194 contrarium

1161 661 1237 703 ego
1259 644 1420 686 astruere
1456 659 1539 685 non
1572 642 1731 690 dubito>
1763 659 1808 684 ac
1833 643 1962 684 dicere

1162 720 1252 745 cum
1265 703 1410 761 Sponso
1426 721 1432 743 :
1459 701 1643 758 Sponsam
1659 732 1670 748 ‚
1694 705 1733 742 in
1747 706 1872 758 primo
1883 703 1961 755 jam

1163 765 1432 818 conceptionis
1445 775 1649 802 momento
1660 787 1671 804 ‚
1703 760 1879 801 infernali
1890 760 1962 799 ho-

1163 821 1209 862 sti
1227 819 1328 861 fuiffe
1336 820 1519 866 terribilem,
1535 834 1569 859 ut
1581 820 1750 874 castrorum
1767 820 1865 858 aciem
1877 817 1961 857 ordi-

1164 894 1304 919 natam:
1334 878 1438 920 fuiffe
1454 881 1599 918 camin
1624 880 1751 934 primo
1772 877 1838 918 illo
1861 891 1961 918 tem-

1164 941 1265 995 poris
1281 935 1454 983 articulo,
1473 951 1660 991 tanquam
1676 939 1716 975 in
1736 934 1858 991 prima
1871 936 1938 974 acie
1947 962 1960 980 ,

1163 1010 1351 1053 pavorem
1373 996 1626 1036 daemonum:
1662 991 1766 1035 fuisse
1798 996 1961 1034 inimico

1165 1069 1330 1095 tartareo
1356 1053 1528 1095 extreme
1555 1051 1864 1097 formidabilem,
1899 1065 1959 1092 ut-

1160 1127 1254 1170 pote
1269 1112 1489 1154 instruaam
1500 1111 1644 1153 vexillo
1661 1114 1851 1168 gratiae‚&
1866 1109 1959 1150 cha-

1160 1175 1280 1213 ritatis
1294 1200 1304 1217 ‚
1335 1186 1454 1227 quam
1467 1174 1624 1228 Spiritus
1641 1174 1674 1212 S.
1704 1168 1800 1211 mox'
1831 1172 1873 1209 in
1893 1183 1960 1210 eo-

1159 1230 1253 1271 dem
1285 1243 1494 1271 momento
1520 1231 1678 1271 MAmAE
1713 1228 1879 1269 infudit:
1907 1226 1956 1267 de

1158 1303 1238 1343 quo
1255 1288 1331 1345 ipsa
1353 1288 1538 1346 gloriatur
1557 1317 1568 1335 ‚
1597 1288 1749 1328 dicens:
1779 1285 1956 1327 ordinavit

1157 1348 1191 1387 in
1203 1363 1251 1387 me
1266 1348 1466 1391 charitatem,
1506 1353 1546 1389 ὃς
1556 1346 1648 1402 quid
1661 1346 1773 1387 dico:
1803 1347 1835 1385 in
1851 1342 1955 1385 eodem

1156 1420 1311 1446 momento
1335 1406 1360 1445 ,Ρ
1391 1406 1576 1447 Audiatur
1603 1434 1615 1452 ‚
1656 1404 1798 1446 amabo
1819 1433 1830 1450 ,
1862 1402 1956 1458 quid

1156 1463 1232 1520 ipsa
1257 1463 1349 1505 alibi
1361 1466 1521 1505 innuat?
1553 1466 1606 1505 ait
1624 1468 1731 1504 enirn
1750 1478 1758 1500 ε
1794 1461 1852 1504 Ab
1867 1475 1955 1501 aeter-

1154 1538 1195 1563 no
1218 1522 1368 1562 ordinata
1394 1522 1479 1578 firm.
1497 1521 1633 1576 quibus
1663 1526 1703 1562 in
1730 1520 1853 1563 verbis
1872 1534 1954 1560 non

1156 1580 1446 1637 exiguum'latet
1458 1594 1642 1621 arcanum
1659 1595 1667 1616 t
1691 1580 1716 1620 fi
1730 1583 1836 1619 enim
1848 1579 1937 1619 The
1948 1606 1956 1614 .

1156 1638 1365 1695 ologorum
1382 1641 1536 1684 vertici,
1568 1638 1804 1694 Augustino,
1836 1637 1956 1677 fidem

1158 1697 1433 1743 adhibeamus,
1468 1695 1552 1737 Ordo
1574 1725 1586 1742 ,
1613 1699 1761 1750 inquit,
1797 1695 1837 1749 cst
1860 1695 1955 1751 pari-

1157 1771 1212 1795 um
1224 1784 1235 1801 ,
1266 1754 1498 1812 dispariumque
1517 1770 1622 1794 rerum
1636 1783 1648 1800 ,
1672 1754 1736 1809 fica
1749 1753 1873 1794 cuilibet
1884 1753 1952 1792 loca

1157 1813 1299 1855 tribuens
1337 1812 1506 1870 dispositio3
1534 1812 1602 1853 cicm
1631 1813 1702 1869 erg&
1718 1815 1826 1852 Beata
1847 1813 1952 1868 Virgo

1159 1873 1210 1911 ait
1225 1901 1235 1918 ‚
1251 1870 1339 1928 stab
1357 1887 1469 1911 aeterno
1488 1870 1680 1917 ordinatam,
1700 1870 1858 1927 suppostcit
1869 1871 1902 1910 in
1917 1869 1954 1926 se

1149 1928 1244 1987 fuisse
1260 1942 1372 1987 partes
1395 1930 1564 1986 inaequales
1582 1958 1593 1976 ‚
1625 1946 1663 1969 ac
1683 1930 1843 1985 dispares,
1881 1930 1953 1968 ani-

1159 2005 1245 2028 mam
1258 1989 1379 2044 scilicet
1400 2017 1410 2035 ‚
1442 1996 1481 2031 ὠ·
1495 2000 1626 2044 corpus,
1657 1990 1809 2028 rationem
1827 1987 1868 2043 fic
1892 1988 1952 2027 eri—

1159 2063 1264 2092 orem,
1297 2055 1335 2090 &¹
1349 2048 1521 2103 appeticum
1532 2046 1741 2101 senfitivum:
1771 2046 1828 2085 has
1847 2059 1954 2084 tamen

1156 2117 1268 2161 partes
1294 2106 1342 2144 ita
1362 2104 1437 2145 bene
1462 2106 1545 2144 inter
1559 2105 1596 2159 ft
1617 2104 1767 2161 dispofim
1787 2103 1924 2160 habmffi
1941 2133 1953 2149 ,

1160 2178 1197 2202 ut
1216 2178 1330 2203 neutra
1354 2177 1462 2203 contra
1479 2164 1576 2202 aliam
1587 2164 1725 2219 unqurim
1748 2162 1954 2218 conspirdritg.

1161 2237 1216 2260 nec
1230 2222 1312 2260 enim
1332 2233 1441 2277 corpuaes
1456 2221 1649 2261 rebellionem
1674 2222 1815 2261 tentavit
1833 2220 1954 2259 adver-

1161 2278 1214 2318 sits
1224 2279 1367 2319 animam
1389 2308 1399 2324 ‚
1427 2295 1480 2319 nec
1489 2279 1644 2335 stnsualae
1663 2280 1819 2336 appetitam
1837 2278 1954 2317 rationi

1161 2337 1301 2393 unqudm
1324 2338 1443 2390 restitit.
1476 2338 1540 2377 tali
1559 2337 1705 2377 nimirzlm
1733 2336 1840 2377 ordine
1865 2335 1952 2374 dece-

1161 2394 1230 2441 bat,
1253 2397 1353 2435 DEI
1358 2396 1547 2435 Genitricem
1569 2396 1746 2435 ordinatam
1748 2393 1854 2451 fuiſje>
1885 2409 1951 2450 qua:

1160 2454 1414 2510 regulatzffimum
1434 2483 1445 2500 ‚
1485 2460 1545 2504 (ut
1565 2456 1613 2493 ita
1630 2454 1753 2503 dicam)
1792 2452 1949 2496 ordinem,

1159 2510 1274 2551 mundo
1296 2541 1306 2557 ,
1340 2511 1386 2551 ad
1425 2512 1512 2552 illum
1536 2511 1742 2567 regulandum
1766 2536 1778 2553 >
1799 2511 1951 2566 paritum

1159 2584 1240 2614 erat.
1299 2571 1398 2610 Haec
1419 2573 1513 2626 Aug.
1568 2573 1623 2610 Ex
1644 2584 1720 2624 quo
1736 2567 1847 2609 facile
1871 2567 1951 2608 col-

1159 2625 1382 2683 ligendum:
1414 2631 1616 2684 Virginem
1636 2628 1676 2666 ab
1688 2641 1798 2666 aeterno
1821 2626 1950 2666 ordina-

1158 2699 1246 2732 tam,
1279 2702 1314 2726 ut
1329 2688 1495 2742 castrorum
1512 2687 1615 2731 acies,
1647 2685 1836 2730 terribilem,
1865 2688 1949 2725 unim

1157 2758 1206 2784 co
1238 2744 1423 2785 duntaxat
1449 2757 1654 2784 momento
1702 2741 1876 2799 prodijsse
1908 2746 1948 2783 in

1157 2817 1360 2858 campum,
1397 2799 1612 2856 eodemque
1642 2801 1720 2857 ipso
1741 2815 1947 2842 momento

1157 2859 1302 2906 viciss‘e,
1336 2875 1380 2900 ac
1410 2857 1611 2900 debellfiffe
1657 2859 1807 2903 hostes,
1838 2873 1946 2899 ante-

1158 2917 1275 2972 quam
1296 2917 1351 2957 illi
1376 2920 1410 2957 ie
1429 2917 1613 2958 auderent
1631 2933 1786 2959 movere
1799 2946 1809 2963 ‚
1839 2916 1944 2972 eosq3

1156 2976 1233 3016 fine
1249 2973 1374 3031 pugna
1396 2975 1623 3030 protriviffe5
1655 2978 1744 3017 cum
1761 2977 1944 3016 nimirum

1157 3034 1296 3074 eodem
1318 3047 1522 3074 momento
1535 3033 1645 3074 fuerit
1665 3033 1753 3089 pure
1778 3047 1944 3088 concep-

1156 3105 1195 3131 ta
1213 3121 1224 3138 ,
1254 3090 1514 3138 Sanctificata,
1549 3108 1592 3133 ac
1614 3095 1654 3131 in
1665 3091 1782 3147 gratia
1804 3091 1944 3130 confir·

1155 3162 1260 3191 mata
1284 3164 1293 3189 :
1321 3148 1427 3204 quod
1452 3148 1617 3205 perbene
1646 3150 1844 3192 advertens
1877 3163 1944 3188 ne-

1827 3206 1917 3247 fari-

1094 200 1966 279 maffiaiaaaaaaraasff

1978 1281 2059 1312 Cant.
2068 1291 2097 1318 a,

1977 1331 2043 1362 v.4.

1976 1469 2056 1498 Prov.
2068 1470 2097 1499 δέ

1977 1519 2055 1545 v.z3.

1976 1735 2006 1764 1..
2016 1744 2052 1767 19-
2062 1735 2101 1765 a&

1975 1777 2102 1805 Marcel-

1975 1817 2108 1855 lin.c.13.'
