2164 3413
276 171 301 211 fi
343 164 580 210 recensitum.
655 164 755 203 Eum
798 157 962 216 proinde
1003 156 1067 212 'pie

276 231 486 269 imitaturus
502 253 512 269 ,
540 220 635 264 tales
652 221 701 262 ad
727 222 960 260 MARIAM
985 229 1069 271 pre-

270 302 336 327 ses
377 283 511 325 effudit
545 297 552 319 :
603 285 629 319 0
655 280 758 334 Virgo
805 276 1018 330 Sacratiffima
1048 273 1061 311 !

258 345 295 398 »fi
327 357 442 385 verum
473 340 512 394 est
532 367 546 386 ,
588 336 672 395 quod
691 336 759 391 fine
789 334 912 392 peccati
939 330 1065 372 macula?

273 414 419 460 concepta
439 400 528 455 fuisti
555 414 564 436 ε
594 396 731 451 digneris
769 422 780 439 ,
821 391 973 448 obftcro!
1003 390 1064 445 fit-

276 463 408 501 nitatem
447 458 525 497 mihi
569 456 632 495 cuis
682 451 834 493 maternis
863 448 1011 506 precibus
1041 448 1063 486 ὰ

276 519 365 558 Filio
398 520 565 573 impetrare
583 543 593 559 ‚
621 511 711 568 idq'ue
746 512 780 552 in
802 508 928 565 fignum
959 506 1064 547 illiba-

274 591 313 617 tae
333 577 490 633 puritatis
515 588 573 612 tuae
600 572 612 610 !
655 569 739 626 quod
761 567 790 624 fi
812 567 929 623 seceris
950 595 961 612 ,
1001 578 1064 606 ‘vo-

276 648 335 675 veo
360 664 370 680 ,
425 650 462 672 ac
497 630 647 687 promitto
667 654 678 672 ‚
718 642 782 666 toto
831 626 954 681 reliqua:
986 625 1065 664 'vitae

276 706 410 749 tempore
430 721 442 738 ,
480 689 630 730 sanflam
666 686 746 726 hanc
778 684 931 724 celebrare
967 683 1064 737 Fesii-

276 753 416 791 vitatem
439 780 449 796 ,
480 765 518 788 ac
540 745 671 804 femini&
701 743 900 788 concionari,
923 753 984 798 pro
1009 740 1068 779 tua?

268 808 430 867 puriffimti
458 806 649 862 conceptione
676 833 686 849 ‚
735 799 936 842 retrafiando
964 798 1064 839 liben-

274 868 381 924 zzffimex
402 896 413 913 ‚
441 863 597 923 quidquid
627 861 773 902 haelenas
803 862 836 901 in
867 858 1063 899 contrarium

267 925 422 984 propositi.
483 929 561 966 Vix
591 935 728 962 votum
753 924 922 972 Joannes
961 916 1061 957 fece-

275 999 334 1025 rat
368 1003 377 1031 3
418 986 509 1024 cum
547 979 697 1021 sanitati
739 976 886 1033 integre
919 974 1065 1015 restitu-

272 1057 330 1084 tus
351 1072 360 1087 ,
392 1042 444 1083 ob
481 1054 564 1081 tam
600 1040 844 1094 repentinam
872 1034 920 1075 ab
957 1036 1064 1073 incu-

272 1099 383 1142 rabili
441 1099 663 1139 infirmitate
723 1091 1065 1135 reconvalescenti-

272 1175 338 1200 am
358 1189 367 1205 ‚
415 1172 554 1199 omnes
604 1154 795 1195 adstantes
822 1182 833 1199 ‚
890 1150 1064 1191 medicos

271 1217 477 1274 praesertim
499 1245 509 1261 ‚
542 1219 582 1257 in
603 1215 817 1253 maximam
848 1212 961 1251 traxit
996 1208 1064 1248 ad-

271 1278 530 1317 mirationem.
601 1274 709 1312 Hinc
749 1285 833 1311 non
860 1270 1064 1325 expedtans

270 1336 509 1376 ordinarium
540 1334 725 1387 proximae
748 1330 950 1370 concionis
966 1341 1063 1367 tem-

273 1409 364 1450 pus,
394 1390 599 1433 confestim
624 1387 811 1445 populum
828 1417 837 1434 ‚
870 1401 936 1443 per
957 1399 1063 1426 cam-

269 1467 382 1508 pana:
415 1450 614 1493 sonitum,
654 1449 864 1488 convocari
909 1444 1014 1499 jubet
1051 1472 1063 1489 ,

269 1508 526 1566 publicec'Jue>
564 1505 672 1561 quod
731 1505 797 1546 sibi
839 1503 1064 1546 obvenerat,

268 1566 530 1626 prodigiosum
583 1564 814 1606 beneficium
832 1593 843 1609 ‚
901 1561 1064 1603 fideliter

269 1642 448 1668 enarrans
469 1655 480 1672 ,
513 1624 812 1681 pulcherrimum
842 1621 890 1662 de
919 1624 1061 1661 imma-

270 1685 396 1727 culata
415 1685 689 1738 Conceptione
713 1680 932 1721 sermonem
968 1694 1056 1735 pro,

267 1747 410 1801 ponit,
439 1741 667 1785 validiffimis
687 1742 911 1780 MAMAM
946 1752 1057 1794 argu-

267 1806 410 1843 mentis
475 1798 735 1857 praeservatam
799 1796 1057 1838 ostendendo.

266 1861 492 1918 praeclarum
531 1857 679 1914 insuper
718 1858 941 1898 TracStattun
967 1885 979 1902 ‚
1012 1855 1062 1895 de

269 1919 407 1960 eadem
452 1916 613 1959 materia
638 1946 647 1962 ‚
680 1918 719 1956 in
748 1916 877 1972 jugem
918 1916 1061 1970 recepti

270 1978 446 2032 beneficij
487 1974 760 2034 gratitudinem
785 1974 916 2015 edidit.
976 1988 1058 2015 ver-

266 2037 346 2078 ⁴00:
374 2036 422 2077 eo
444 2037 580 2089 majori
602 2032 830 2079 reverentia,
856 2048 901 2073 ac
938 2031 1058 2073 devo-

271 2099 378 2137 tione
400 2124 410 2141 ,
438 2093 661 2149 mysterium
690 2092 766 2131 hoc
794 2094 965 2132 venerari
987 2090 1057 2130 sta-

270 2157 341 2194 tuit
364 2180 375 2197 ,
407 2151 554 2207 quanto
586 2149 681 2190 illud
721 2149 912 2190 ardentius
951 2162 1058 2189 ante-

270 2211 344 2252 hac
365 2211 557 2252 studuerat
583 2212 835 2264 impugnare:
871 2222 912 2248 ut
939 2207 1060 2248 verifi-

268 2284 398 2311 catum
432 2267 580 2309 dixiffes
611 2266 706 2306 illud
744 2265 870 2312 Isaiae,
899 2280 981 2321 cap.
997 2272 1055 2305 6o.

268 2345 303 2369 v.
319 2342 373 2379 14.
431 2328 563 2367 Venient
584 2323 630 2364 ad
652 2339 683 2364 te
706 2352 716 2369 ‚
767 2325 822 2380 qui
847 2323 1058 2364 detrahebant

268 2386 327 2426 tibi
347 2416 357 2432 ,
386 2394 423 2428 (9·
460 2383 639 2425 adorabunt
672 2382 802 2438 vestigia
832 2381 949 2439 pedum
985 2396 1055 2421 tuo-

325 2460 408 2485 rum.
464 2440 666 2499 Raynaud.
684 2442 774 2480 Tom.
786 2451 816 2480 8.
836 2442 871 2481 in
887 2441 994 2481 Traia

472 2501 510 2540 de
534 2502 645 2559 pietat.
685 2497 836 2555 Lugdun.

580 2557 642 2614 fil.
653 2572 727 2602 293.

666 64 759 127 De
781 62 1071 143 concepta
1091 63 1247 128 Sacra
1268 67 1510 148 Deipara

1306 207 1347 258 δ,
1363 212 1406 264 5.
1441 196 1717 274 Symbolum.

1192 324 1243 369 M
1258 335 1285 365 A
1301 320 1367 364 RI
1384 331 1412 361 A
1451 316 1603 376 VIrgo
1625 346 1639 369 ‚
1677 305 1839 357 ILLIsa

1403 386 1627 433 ILLlDlt·.

1111 1636 1190 1678 Qd
1208 1643 1290 1664 tanto
1309 1632 1424 1661 illidunt
1447 1629 1593 1668 scopulum
1620 1625 1733 1668 fragore
1749 1628 1893 1666 procellae,

1186 1679 1266 1715 Qas
1282 1684 1377 1705 tamen
1403 1673 1488 1701 illisas
1506 1670 1609 1700 fortior
1628 1671 1683 1708 ipse
1704 1668 1802 1709 fugat?

1107 1720 1188 1751 Illisae
1209 1719 1255 1747 hic
1271 1716 1400 1755 scopulus
1412 1714 1541 1751 praeclara
1558 1710 1648 1751 figura
1665 1712 1790 1741 Martia-⁶.
1805 1712 1842 1741 est
1858 1729 1869 1741 ,

1185 1759 1275 1788 lllaesae
1290 1757 1306 1787 :l
1331 1755 1458 1785 macula:
1479 1753 1584 1783 fortior
1596 1751 1653 1791 ipsa
1674 1751 1739 1781 fuit.

1150 1820 1210 1846 Non
1227 1815 1437 1848 commovebitur
1450 1814 1480 1843 in
1496 1822 1634 1843 aternum.
1675 1811 1741 1842 Psal.
1752 1820 1814 1852 124.
1835 1823 1858 1843 v.
1870 1822 1895 1842 r.

1270 1922 1311 1975 ξ.
1335 1914 1388 1968 6.
1421 1913 1718 1988 Antiquitas.

1932 317 2066 385 607.

1145 2025 1253 2070 LeX
1282 2024 1449 2069 MortIs
1474 2055 1490 2078 ‚
1533 2035 1636 2067 non
1667 2022 1774 2066 Lata
1797 2023 1869 2067 De
1922 2003 2057 2068 608.'

1237 2095 1438 2139 PLatone
1456 2087 1769 2152 PhILosophO.

1110 2188 1522 2289 PRudentiffimum
1550 2186 1724 2244 profeci&
1749 2188 1902 2244 respon-

1225 2246 1304 2287 sum
1338 2249 1538 2286 Anniceris
1573 2246 1637 2287 ille
1664 2248 1899 2302 Cyreniacus

1106 2305 1214 2345 dedit
1237 2304 1382 2346 civibus
1400 2307 1581 2361 AEginae3
1613 2307 1702 2345 curn
1725 2308 1830 2345 enim
1849 2304 1895 2344 il-

1105 2363 1131 2403 li
1166 2363 1399 2409 Platonem,
1454 2363 1762 2419 sapienriffimum
1796 2362 1895 2404 illius

1103 2426 1221 2464 aetatis
1235 2421 1533 2477 Philosophum,
1564 2424 1681 2462 morti
1703 2421 1897 2475 adjudica-

1104 2498 1143 2523 re
1172 2480 1315 2522 vellent
1330 2509 1340 2526 ‚
1371 2495 1457 2520 eam
1474 2479 1625 2536 praecise
1644 2479 1697 2520 ob
1716 2478 1864 2519 causam
1882 2509 1894 2525 ,

1106 2538 1213 2595 quod
1228 2539 1391 2580 Athenis
1415 2541 1604 2595 AEginam
1633 2536 1821 2594 profeAEtus
1841 2537 1895 2578 es-

1106 2599 1178 2645 set3
1214 2601 1305 2638 cum
1347 2600 1531 2638 nimirum
1558 2600 1657 2636 inter
1694 2596 1895 2651 utramc'lue

1105 2660 1316 2699 Civitatem
1351 2654 1527 2706 (nescio,
1558 2669 1648 2709 quas
1683 2653 1736 2694 ob
1755 2653 1896 2695 discor·

1102 2717 1205 2765 dias)
1238 2712 1453 2756 inviolabili
1472 2712 1557 2769 lege
1577 2713 1758 2752 sancitum
1770 2712 1896 2759 fuerit,

1101 2789 1143 2815 ut
1166 2775 1274 2828 fiquis
1286 2789 1333 2814 ex
1354 2773 1426 2812 hac
1456 2771 1504 2811 ad
1524 2769 1646 2816 illam,
1674 2769 1735 2812 vel
1758 2786 1804 2810 ex
1827 2771 1895 2812 illa

1101 2835 1141 2873 in
1174 2833 1277 2872 hanc
1313 2833 1547 2875 Civitatem,
1587 2829 1726 2885 pedem
1754 2829 1894 2870 inferre

1101 2890 1361 2947 praesumeret,
1391 2900 1518 2928 morte
1557 2890 1794 2942 quantocyus
1843 2888 1893 2928 ab

1103 2949 1241 2989 incolis
1281 2946 1514 2993 afficeretur;
1556 2945 1749 3002 respondit
1768 2948 1890 2986 Anni-

1100 3012 1223 3047 ceris:
1258 3009 1403 3061 Legem
1439 3004 1546 3045 illam
1573 3004 1621 3044 de
1665 3003 1889 3044 hominibus

1099 3065 1258 3119 quidem
1291 3064 1410 3104 latam
1448 3062 1541 3110 effe,
1570 3077 1651 3103 non
1680 3076 1811 3103 tamen
1837 3062 1888 3103 de

1100 3122 1357 3181 pbilosophis,
1390 3134 1524 3178 utpote
1540 3151 1551 3168 ‚
1579 3124 1644 3176 qui
1669 3120 1805 3162 medix
1820 3135 1887 3160 cu-

1785 3193 1857 3231 Jus-
