2164 3413
65 552 188 623 493·

784 99 1104 182 Conceptus
1185 100 1379 171 LXXi,

320 215 410 256 quem
421 197 595 257 afficmpfit,
626 216 668 240 ex
684 199 828 240 Domine}¹
837 199 940 255 nostra?
948 229 959 246 ‚
989 203 1028 239 ά·

320 259 526 298 immaculataA
547 259 688 315 Virgine
707 261 809 298 MA
815 261 890 314 RI
893 260 938 297 A.
982 259 1027 298 In

319 315 380 356 flia
388 316 596 374 Lithurgia,
618 316 704 373 post
718 316 811 358 elev.
821 320 985 358 Sacram.

474 432 514 496 §.
536 440 577 498 3.
612 433 792 495 ‘Ratio

381 537 645 597 SpeCIosVs
667 539 713 584 D
727 541 829 585 EVs
849 551 863 583 t

347 616 458 669 Ergo
508 605 725 668 speCIosa
760 610 921 655 Mater.

298 698 535 740 IBeatiffima
559 703 683 756 Virgo
714 696 803 740 esset
834 708 1025 752 concepta

326 760 365 797 in
379 772 540 814 peccato
552 757 753 814 originali,
772 755 831 798 vel
849 771 932 796 non
943 769 1025 794 am-

231 811 329 869 plius
349 816 426 856 dici
451 815 571 873 posset
592 832 682 858 vera
707 815 850 858 Christi
875 817 1024 858 Mater,

234 871 295 913 vel
317 873 342 913 fi
355 874 438 915 talis
451 875 576 915 adhuc
604 875 793 915 diceretur
810 903 821 920 ,
852 871 1026 915 Christus

236 944 318 972 non
344 932 506 989 amplius
530 933 619 974 effet
641 932 821 990 speciosus
844 946 919 988 prae
941 929 1025 983 filijs

234 987 463 1032 hominum:
497 989 922 1047 Neutrumdicipotest.
960 990 1026 1028 Er-

236 1060 288 1103 go
311 1050 519 1091 Beatiffima
540 1053 662 1106 Virgo
680 1049 751 1090 fuit
779 1045 1025 1089 immaculate

235 1120 437 1164 concepta.
497 1111 670 1149 Primum
685 1121 873 1164 repugnat
887 1105 1024 1146 defini-

235 1167 334 1205 tioni
354 1166 549 1209 Ecclefiae,
577 1181 661 1219 quae
691 1182 782 1207 cum
797 1168 849 1206 D.
864 1163 1025 1205 Thoma

234 1222 363 1264 statuit
374 1254 384 1270 ‚
405 1228 586 1266 MVARIAM
602 1223 705 1264 fuisse
716 1239 844 1266 veram
854 1226 1026 1264 Matrem

235 1282 272 1322 C
288 1283 330 1321 H
344 1286 381 1325 R
393 1286 407 1323 Ι
419 1287 441 1325 S
454 1285 516 1323 Ti
540 1300 547 1323 :
582 1282 802 1324 Secundum
838 1294 1025 1338 repugnat

233 1342 452 1396 Scripturae,
483 1340 652 1397 expresse
669 1340 813 1380 dicenti
834 1340 923 1380 Psal.
944 1353 1021 1391 44.

232 1399 390 1454 Speciosm
402 1399 516 1455 formd'
533 1412 601 1456 prae
616 1399 700 1454 filijs
720 1399 887 1438 hominum.
961 1402 1024 1439 Se-

232 1456 344 1510 quela
356 1458 538 1514 probatur
558 1487 569 1504 ,
599 1457 728 1512 quoad
751 1460 939 1512 primum:
972 1462 1026 1497 Ut

231 1516 275 1557 sit
284 1532 391 1558 verus
408 1519 537 1562 Pater,
563 1515 624 1556 vel
640 1519 786 1561 Mater,
802 1515 905 1568 juxta
918 1530 1027 1554 com-

231 1588 393 1615 munem
411 1574 718 1615 observationem
732 1599 743 1616 ‚
770 1588 814 1613 ac
836 1572 1027 1613 aestimati-

233 1649 354 1674 onem
386 1634 612 1678 hominum,
644 1631 741 1672 filius
761 1630 877 1671 debet
901 1630 961 1672 vel
981 1629 1029 1671 ab

234 1692 439 1738 alterutro,
469 1691 531 1733 vel
551 1690 599 1731 ab
621 1694 788 1745 utrisque
808 1689 1025 1746 parentibus

234 1750 400 1807 speciem
422 1748 589 1804 aliquam
601 1749 750 1789 referre.
780 1748 855 1790 Sed
874 1748 1027 1788 fiBeata

235 1812 360 1866 Virgo
387 1806 632 1849 contraxisset
660 1810 700 1847 in
729 1805 789 1847 sua
826 1809 1027 1862 concepti-

236 1883 314 1908 one
332 1879 534 1924 peccatum
553 1863 758 1922 originale,
790 1880 873 1905 non
889 1863 1028 1920 potuis-

236 1927 289 1967 set
304 1925 478 1968 Christus
488 1923 652 1981 speciem
668 1923 836 1978 aliquam
852 1922 899 1963 ab
914 1922 958 1962 ea
969 1938 1027 1963 re-

235 1985 352 2030 ferre,
383 1987 475 2025 cum
495 1997 626 2023 tamen
659 1981 826 2022 omnino
846 1980 1026 2027 deberet,

235 2047 324 2099 quia
334 2058 381 2083 ex
403 2040 480 2083 sola
493 2044 640 2084 Matre,
670 2041 745 2080 fine
772 2054 900 2096 patre,
931 2054 1027 2080 con-

236 2117 367 2159 ceptus
380 2100 433 2141 est
455 2104 495 2140 in
515 2099 635 2140 terra:
668 2097 944 2153 consequenter
958 2128 968 2144 ‚
1000 2098 1026 2138 fi

235 2161 376 2202 debeat
398 2158 532 2200 referre
552 2159 721 2213 aliquam
745 2156 907 2213 speciem
928 2156 1025 2213 apa-

234 2219 417 2264 rentibus,
430 2218 530 2257 hanc
547 2217 663 2256 debet
678 2216 813 2256 referre
839 2215 861 2255 a
881 2217 1020 2256 Matre.

233 2278 349 2335 Ergo,
365 2284 438 2319 &o
452 2278 555 2320 Min,
567 2274 680 2316 Prob.
737 2277 772 2315 A
791 2288 914 2315 matre
932 2273 1026 2314 infe-

232 2340 313 2383 aa,
344 2343 384 2377 ὅ(
401 2333 591 2375 maculata
605 2363 615 2378 ‚
638 2347 720 2373 non
733 2332 857 2389 potest
868 2332 935 2373 nifi
946 2331 1025 2388 spe-

232 2394 458 2436 ciesinfecta
473 2422 483 2438 ‚
514 2399 553 2434 &
570 2390 761 2431 maculata
771 2390 917 2431 referri:
951 2391 1024 2432 Sed

230 2453 412 2512 speciosus
430 2467 503 2508 prae
515 2449 598 2504 filijs
612 2450 817 2490 hominurn
830 2449 931 2489 hanc
942 2448 1022 2505 spe-

231 2517 333 2555 ciem
358 2511 493 2552 referre
513 2524 595 2549 non
617 2507 748 2564 potest.
810 2509 924 2563 Ergo,
947 2513 1021 2549 &c.

231 2571 361 2614 Altera
397 2585 477 2626 pars
511 2583 557 2607 ex
584 2565 707 2623 prima
738 2565 901 2619 sequitur
932 2581 940 2604 :
968 2568 1025 2606 Eo

232 2630 311 2687 ipso
325 2632 429 2670 enim
442 2657 452 2673 ‚
482 2626 507 2666 si
522 2628 669 2666 MARIA
681 2654 690 2669 ,
703 2628 742 2664 in
753 2637 912 2680 peccato
925 2639 1022 2664 con-

232 2702 344 2744 cepta
356 2716 365 2732 ‚
397 2684 485 2726 esset
496 2685 621 2725 adhuc
633 2698 719 2725 vera
728 2685 855 2723 Mater
864 2682 1020 2729 Christi,

232 2745 404 2791 Christus
420 2743 468 2784 ab
478 2743 523 2784 ea
532 2741 695 2799 speciem
706 2744 851 2798 peccati
864 2769 875 2787 ‚
888 2748 928 2783 ὅ(
938 2756 1021 2782 ma-

231 2805 327 2849 culae
348 2801 518 2843 referret:
553 2801 627 2843 Sed
640 2803 704 2855 qui
721 2799 835 2840 refert
854 2798 1019 2856 speciem

232 2865 379 2923 peccati
394 2890 405 2906 ‚
436 2859 645 2902 &maculat
658 2888 668 2905 ,
698 2862 834 2912 nequit
855 2857 1018 2914 amplius

233 2925 310 2965 dici
331 2917 484 2976 speciosus
498 2930 562 2974 prce
577 2918 659 2972 filijs
686 2916 854 2957 hominum.
915 2916 1017 2973 Ergo

231 2982 254 3024 ὲ
274 2983 399 3038 primo
414 2976 463 3016 ad
478 2975 655 3016 ultimum
669 3005 679 3021 ,
709 2975 771 3017 vel
789 2978 917 3016 Mater
937 2974 1017 3031 spe-

232 3039 344 3082 ciosa‚
365 3043 405 3078 ὃ(
424 3035 500 3074 sine
521 3032 604 3073 labe
617 3063 627 3079 ‚
656 3033 717 3075 vel
734 3049 816 3075 non
828 3034 905 3074 fine
933 3033 1018 3075 labe

318 3094 429 3138 Filius
445 3122 456 3140 ‚
489 3107 561 3131 nec
579 3106 655 3147 prae
677 3091 761 3145 filijs
786 3092 914 3134 homi-

465 3165 558 3191 num
582 3149 771 3206 speciosus.

1724 120 1826 178 243

1285 248 1325 301 ς.
1342 254 1391 307 4.
1430 238 1660 310 Historia.

1076 350 1322 398 MonIaLIs
1350 382 1365 405 ,
1408 351 1672 396 CaLCVLo
1718 347 1864 397 Labo-

1128 421 1273 466 rantls
1292 415 1455 464 sanltas
1476 451 1490 474 ‚
1525 416 1579 464 ab
1601 415 1819 466 ILleata

1284 491 1647 550 ConCeptIone.

1190 574 1246 612 Ies
1289 570 1420 613 aderat
1434 598 1445 618 ,
1490 585 1569 629 quo
1615 577 1778 621 Romae,
1823 578 1865 616 in

1219 633 1360 670 Monte
1381 631 1601 686 Qrinal'i,
1631 633 1653 673 ὲ
1685 636 1865 690 Regione

1073 687 1267 741 Pontificij
1292 687 1446 743 Palatij‚
1476 689 1660 732 Monialis
1689 693 1867 746 quaedam

1074 744 1290 785 admodum
1310 745 1449 787 devota
1462 777 1471 793 ‚
1503 749 1664 790 Ordinis
1677 752 1863 806 Capucin.

1074 803 1285 859 graviffime
1313 819 1361 843 ex
1392 805 1543 847 calculo
1573 803 1772 854 laborans,
1804 825 1869 851 ve-

1075 862 1318 902 hementiore
1338 891 1350 907 ,
1377 862 1494 916 quam
1507 879 1677 919 unquam
1691 867 1868 914 antehac,

1075 919 1212 960 dolore
1227 919 1469 961 efficiebatur.
1530 923 1629 963 Haec
1652 924 1818 979 pluribus
1828 930 1869 965 in

1075 993 1217 1019 vanum
1243 977 1425 1019 adhibitis
1447 981 1646 1035 remedijs,
1678 982 1870 1024 aConfes-

1074 1035 1169 1077 sario
1204 1037 1366 1077 tandem
1397 1036 1483 1083 suo,
1515 1042 1611 1081 Viro
1645 1055 1691 1079 ex
1726 1040 1870 1083 eodem

1074 1096 1248 1140 Ordine,
1279 1110 1359 1136 tam
1378 1102 1541 1152 pietate,
1566 1097 1684 1152 quam
1704 1101 1870 1154 pruden-

1073 1153 1127 1193 tia
1162 1154 1395 1209 conspicuo,
1444 1155 1660 1197 chartulam
1695 1163 1869 1215 accepit,

1073 1215 1171 1267 parti
1190 1213 1291 1252 male
1317 1211 1458 1253 affecffiae
1484 1215 1712 1255 extrinsecus
1733 1217 1871 1258 admo-

1074 1270 1253 1311 vendam.
1314 1272 1434 1311 Erant
1445 1286 1573 1313 autem
1587 1273 1697 1314 diffie
1712 1274 1867 1332 inscrip-

1076 1342 1115 1369 ta
1127 1329 1269 1369 charta:
1296 1327 1555 1383 subsequentia
1578 1331 1714 1372 verba:
1747 1336 1870 1374 Imma·

1076 1387 1184 1426 culata
1226 1388 1384 1443 conceptio
1413 1390 1532 1428 Sanilae
1554 1391 1725 1430 Genitricis
1754 1393 1868 1440 DEI,

1076 1447 1278 1500 MARJAE.
1293 1444 1425 1491 Porro,
1438 1450 1527 1487 cum
1536 1462 1677 1503 :egrota
1689 1448 1870 1492 haecSan-

1075 1503 1318 1548 &monialis
1332 1506 1482 1545 Divino
1492 1505 1595 1545 haud
1608 1506 1723 1547 dubie
1736 1509 1871 1549 instin—

1077 1564 1139 1602 ctu
1152 1592 1162 1607 ,
1183 1561 1264 1602 solo
1281 1561 1423 1602 oblatae
1443 1563 1585 1604 chartae
1601 1568 1780 1606 contaau
1797 1571 1870 1608 mi-

1077 1620 1184 1660 nime
1206 1635 1516 1667 contentaretur‚
1544 1637 1630 1663 earn
1647 1649 1658 1666 >
1683 1636 1870 1679 tanquam

1077 1679 1308 1734 spiritualem
1323 1679 1577 1727 medicinam,
1596 1681 1663 1721 sibi
1676 1681 1697 1722 ὲ
1710 1684 1871 1726 Coelesti

1075 1738 1236 1778 Medico
1247 1734 1479 1781 submissam,
1511 1752 1725 1781 reverenter
1735 1745 1792 1782 ori
1805 1758 1870 1800 ap-

1076 1795 1242 1851 plicans,
1275 1795 1386 1837 avide
1401 1795 1621 1852 deglutivit,
1642 1797 1777 1841 effectu
1789 1814 1870 1842 tam

1080 1854 1247 1894 mirabili
1272 1852 1464 1895 subsecuto
1480 1884 1490 1901 ‚
1522 1870 1562 1896 ut
1598 1853 1679 1897 bini
1705 1858 1870 1907 calculi,

1081 1912 1207 1952 eidem
1221 1915 1373 1969 prorsus
1384 1912 1523 1954 chartae
1534 1914 1699 1955 involuti
1711 1946 1722 1962 ,
1748 1915 1868 1959 ecor-

1075 1985 1169 2026 pore
1183 1970 1409 2027 prodierint,
1421 1970 1589 2027 ianamq5
1605 1974 1868 2030 imposterum,

1076 2043 1119 2068 ac
1135 2029 1375 2070 incolumem
1389 2056 1401 2072 ‚
1418 2031 1613 2071 mediante
1625 2034 1871 2077 immaculata

1077 2091 1238 2144 Virgine
1255 2117 1265 2133 ‚
1284 2090 1487 2143 Virginem
1512 2089 1725 2146 religiosam
1747 2094 1872 2135 reddi-

1076 2146 1216 2191 derint.
1247 2146 1511 2201 Raynauddom.
1526 2158 1557 2187 8.
1572 2160 1649 2205 pag.
1661 2165 1732 2201 523.
1793 2154 1869 2199 Mi,

1076 2205 1239 2245 randam
1253 2204 1355 2245 hanc
1378 2206 1788 2256 reconvalescendam,
1816 2210 1869 2251 se-

1075 2277 1236 2318 quentes
1274 2263 1441 2304 versiculi
1460 2291 1472 2307 ‚
1521 2280 1567 2305 ex
1603 2267 1767 2308 Hieron.
1798 2271 1867 2311 Pe-

1075 2323 1184 2376 trucij
1208 2321 1309 2363 vena
1356 2321 1495 2378 proflui
1529 2353 1543 2370 ‚
1571 2322 1764 2380 eleganter
1802 2343 1869 2368 exa·

1075 2380 1257 2439 pressere:

1130 2459 1253 2515 Virgo,
1283 2454 1433 2495 laborans
1442 2457 1571 2504 calculo,
1589 2457 1731 2500 chartam
1743 2474 1840 2504 ‘vorat
1856 2480 1865 2503 ῑ

1133 2519 1374 2585 Conceptz'o
1395 2516 1708 2568 immaculata
1726 2557 1740 2580 ,
1771 2547 1867 2588 quam

1244 2584 1361 2641 scripto
1380 2600 1470 2625 notat
1490 2613 1501 2629 ,

1131 2643 1251 2684 Chartd‘
1265 2644 1439 2690 involutos,
1452 2661 1547 2701 quam
1559 2643 1652 2700 prins
1671 2657 1865 2696 amaverat,

1127 2705 1220 2743 Duos
1252 2702 1376 2758 repente
1407 2704 1543 2743 calculos
1563 2715 1663 2759 paru.

1128 2762 1334 2817 Inscriptione
1363 2761 1523 2818 colligatos
1553 2761 1688 2801 calculos
1709 2792 1719 2808 ,

1128 2819 1369 2889 Conceptz'o
1406 2818 1720 2870 zmmaculata
1743 2843 1862 2889 praeca.

1245 2903 1299 2928 nes
1307 2889 1400 2944 fhcic.

1124 2947 1353 3002 conceptionem
1371 2946 1454 2986 labiis
1476 2957 1634 3003 expertem
1657 2961 1751 3002 negas
1769 2946 1796 2986 s'

1128 3003 1268 3063 Lapides
1292 3004 1486 3060 loquuntur:
1512 3004 1626 3060 sapidos
1647 3005 1701 3045 hoc
1723 3004 1858 3046 verbum

1232 3062 1289 3120 fin
1308 3063 1362 3116 est·

1122 3200 1257 3244 th
1731 3206 1762 3251 §-
1792 3214 1824 3252 5.

1884 471 2021 528 494·
