2164 3413
691 80 930 163 Epistola
953 82 1320 146 Dedicatoria.

93 179 342 240 eamdam,
374 175 604 251 Stellz'sque
621 193 869 236 coronata,
893 199 990 246 quae
1010 199 1109 230 non
1133 181 1316 231 tantum
1330 185 1379 230 in
1401 181 1492 231 hoc
1512 187 1755 248 Conceptu
1773 186 1930 236 ‘Chro-

97 252 399 318 nographico,
419 252 490 300 sed
504 254 608 298 &in
619 252 755 298 corde
774 268 898 309 meo,
909 252 1084 314 semper
1099 253 1350 314 impreffam
1371 253 1543 300 videbit
1562 256 1804 305 manifestis
1821 257 1929 305 cha-

95 324 333 371 racteribus
359 319 594 385 Religiosae
617 322 901 379 devotionis,
920 320 1195 384 puriffimam
1212 325 1336 370 (uam
1358 326 1633 386 imaginem,
1656 341 1755 373 non
1771 326 1928 390 dedig*

94 409 248 449 netur,
267 391 472 455 benigno
490 390 657 438 obtutu
676 392 934 438 illuminare
954 391 1202 448 servulum,
1217 396 1266 439 in
1284 396 1502 440 Dominae
1519 391 1604 440 suae
1617 398 1928 456 patrocinium

93 462 420 510 confidentem.
506 461 720 523 Digneris
747 459 929 523 insuper
947 465 1078 522 Opus
1105 460 1196 508 hoc
1215 477 1375 509 meum
1393 460 1511 510 adeo
1531 466 1841 522 inflammare,
1874 478 1928 512 ut

90 546 209 595 quot
230 534 277 578 in
298 532 378 577 illo
401 533 666 592 Conceptus
679 563 693 582 ,
712 533 761 576 in
784 529 1095 591 conceptibus
1110 531 1370 594 Paragraphi
1384 566 1397 588 ,
1417 537 1460 578 in
1477 533 1761 597 Paragraphis
1782 536 1927 592 lineae,

91 605 141 649 in
161 603 288 648 lineis
313 598 474 655 verba,
510 601 559 645 in
583 599 728 647 verbis
748 603 921 661 apice5‚
955 614 1027 647 tot
1054 598 1141 646 fint
1166 602 1410 648 flammulae
1430 636 1444 658 ,
1474 619 1570 665 quae
1603 604 1852 651 accendant
1876 607 1928 652 in

90 669 327 725 cordibus,
359 685 408 716 ac
429 667 682 731 pectoribus
698 671 977 733 legentium,
1015 685 1169 716 veram
1193 686 1243 717 ae
1270 685 1477 718 teneram
1493 673 1793 721 devotionem
1814 708 1828 731 ,
1860 690 1927 721 er.

90 755 147 805 ga
167 731 330 787 Tdahiae
346 741 545 794 Sacram,
573 754 623 786 ac
640 738 816 802 prorsus
833 740 1175 786 immaculatam
1195 743 1584 802 conceptionem.
1660 746 1781 791 Sicut
1799 744 1926 791 deni-

90 825 179 873 que
196 804 257 856 ab
274 805 427 865 initio,
453 805 517 863 &³
533 818 645 855 ante
667 804 833 857 Saecula
852 819 1012 855 creata
1031 843 1045 866 ‚
1095 824 1175 870 per
1195 814 1296 860 VII.
1320 812 1499 871 jamjam
1522 812 1710 868 Saecula‚
1731 829 1828 875 quae
1850 818 1925 861 Sa-

88 895 167 926 cer
189 880 299 926 Dim·
322 877 581 925 Patriarchae
599 878 739 925 nostri
764 884 1018 925 BENEchr
1034 879 1164 926 Ordo
1188 879 1241 926 ad
1266 885 1332 927 SS.
1359 887 1651 928 UDAriucuM
1678 889 1725 928 &
1746 888 1926 929 AFRAM

90 946 164 996 hle
184 947 418 1012 Augustae‚
445 964 543 994 non
568 947 661 994 fine
677 964 851 1012 magno
870 947 1154 997 Orthodoxae
1170 950 1426 1012 Religionis
1448 952 1796 1004 emolumento,
1825 953 1927 999 feli-

90 1022 203 1067 citer
220 1017 410 1065 absolvit
425 1051 439 1070 ,
472 1023 640 1070 Mater,
671 1034 721 1065 ac
738 1018 835 1080 post
857 1023 1032 1065 DEuM
1057 1016 1368 1066 conservatrix
1393 1053 1408 1072 ,
1442 1027 1489 1066 ὃς
1509 1023 1754 1081 Ρῑοῖεθεῑίκ
1776 1022 1927 1070 nostra

90 1087 297 1145 extitisti,
325 1091 383 1135 ita
412 1087 502 1134 hoc
528 1086 770 1148 specialiter
795 1095 938 1135 Anno
966 1089 1167 1135 Saeculari
1191 1088 1244 1135 ad
1267 1104 1354 1137 nos
1375 1086 1581 1136 Mat-erne
1605 1087 1827 1152 respiciam
1871 1092 1925 1139 fit

90 1152 307 1209 Saeculum
325 1153 528 1221 nostrum
545 1154 596 1205 ia
612 1151 946 1206 illuminatione
965 1148 1131 1206 vultds
1150 1155 1271 1216 Tui,
1296 1158 1401 1207 Psal.
1419 1166 1491 1215 89.
1514 1176 1559 1210 v,
1578 1167 1616 1207 8.
1656 1159 1835 1223 insuper
1861 1158 1927 1218 ξς

88 1224 230 1297 usque
247 1222 552 1296 -adfhturum
577 1223 793 1274 Saeculum
817 1243 910 1275 non
925 1221 1125 1294 dcfinas,
1160 1228 1353 1276 devotos
1379 1222 1494 1277 ‘szz'
1519 1230 1714 1277 famulos
1742 1230 1926 1278 confer.

90 1313 216 1353 vare,
240 1310 337 1344 tam
351 1296 613 1348 credendae,
652 1313 701 1343 ac
730 1297 1017 1344 defendendae
1048 1294 1287 1345 Puriffimae
1316 1302 1651 1360 Conceptionis
1689 1296 1797 1347 ‘Tua
1832 1301 1923 1349 stu.

87 1363 349 1414 diosiffimos
366 1400 380 1422 ,
404 1364 541 1429 quarn
562 1369 765 1413 Honoris
786 1362 884 1414 Tm·
904 1371 1215 1429 cujuscunque
1240 1366 1430 1428 (contra
1455 1372 1718 1416 temerarios
1748 1369 1922 1432 praeser..

88 1439 176 1484 tim
209 1441 344 1485 Sacrae
373 1432 480 1483 <1²21ae
505 1439 718 1500 imaginis
747 1437 1026 1498 violatores)
1069 1452 1429 1501 propugnatores
1463 1438 1708 1486 indefessos.
1815 1444 1922 1488 Hoc

86 1506 201 1553 dum
232 1522 393 1568 precor
417 1541 431 1563 ‚
488 1504 737 1569 meumque
770 1509 995 1570 exiguum
1031 1505 1310 1574 Conceptum
1343 1507 1397 1554 ad
1422 1505 1756 1570 speciofiffimos
1783 1509 1923 1559 Pedes

88 1571 218 1624 ‘Tuos
248 1571 509 1623 humillime
539 1576 724 1639 depono
745 1611 760 1634 ‚
799 1581 988 1624 Sacrum
1022 1592 1074 1623 ac
1099 1578 1448 1625 immaculatum
1467 1578 1713 1626 Thronum
1741 1574 1922 1638 Tuum,

89 1639 426 1716 Augusttffi'ma
445 1643 660 1694 Coelitum
684 1642 924 1715 Regina!
956 1644 1304 1695 venerabundus
1332 1646 1590 1707 exosculor,
1607 1649 1922 1715 Divinamc‘lue

86 1717 138 1763 in
160 1712 230 1765 Te
249 1718 510 1764 Potentiam
535 1714 693 1764 infima
714 1713 1005 1765 submissione
1031 1716 1236 1776 adorans,
1257 1733 1461 1784 perenno

83 1887 600 2001 Augustiffimae
618 1957 637 1982 ‚
690 1922 772 1970 ae
802 1892 1231 1999 perpetuum
1262 1891 1735 1976 Immaculata

577 2011 949 2120 Majestatis
978 2013 1167 2093 Tuae.

1441 2565 1596 2609 clientum
1613 2567 1747 2621 Irfimus

1214 2841 1275 2873 6¹]

1213 2970 1253 3012 P.
1282 2970 1601 3023 JOSEPHUS
1630 2971 1911 3017 ZOLLERa

1372 3030 1466 3072 Ord.
1491 3033 1521 3070 S,
1541 3030 1748 3077 Benedieti„

1796 3204 1911 3264 Li.
