2164 3413
731 93 1053 176 Conceptus
1134 98 1330 169 Lvm,
1697 116 1792 177 Ῐ97

188 187 303 237 alias,
331 204 380 231 ex
398 189 496 231 duro
520 187 650 246 lapide
670 213 682 233 2
723 186 844 228 statua
867 198 983 244 caput

187 249 375 291 inclinare
387 278 399 296 ‚
430 247 728 302 exauditamt'lue
748 249 983 292 orationem,

187 322 234 348 ac
262 310 477 351 Victoriam
518 321 614 348 mox
651 303 930 346 subsecuturam
972 330 985 350 ,

190 364 444 422 spectantibus
473 364 639 423 pluribus
667 393 677 409 ,
721 363 987 419 praefignifica-

191 439 243 464 re.
304 427 352 465 Et
373 423 480 470 sane,
510 436 589 465 tam
611 423 790 463 ardenter
806 420 987 478 Disputa-

192 486 348 524 tionem
393 482 461 523 sibi
500 480 722 536 impositam
764 484 899 523 Scotus
955 484 996 521 ὃς

193 544 327 598 caepit,
359 547 400 583 &
425 537 639 596 prosecutus
661 536 715 580 est
733 566 744 586 ,
777 552 820 581 ut
854 538 1000 580 ducen-

193 613 234 640 ta.
277 598 589 641 Advertariorum
638 611 866 655 argumenta
886 627 896 643 ,
955 600 998 636 in

192 660 432 698 contrarium
463 656 614 710 objecta
634 684 646 702 ‚
685 655 769 698 satis
793 659 924 713 gravia
951 654 997 695 li-

194 715 258 757 cet
313 714 442 765 (velut
483 714 580 755 alter
615 715 775 756 Samson
795 743 806 760 ,
837 714 946 755 funes
972 712 997 754 ὲ

194 773 329 816 Dalila
349 772 562 829 applicatos
585 778 596 824 )
629 771 860 815 dexterrime
881 769 997 815 resol-

195 836 291 874 verit
312 862 323 878 ,
354 834 501 872 cunctis
518 860 529 878 ‚
560 834 600 872 in
626 831 704 873 hoc
725 834 887 888 negotio
907 860 918 878 ,
949 827 996 871 il-

195 890 263 932 lud
278 890 381 931 clare
392 889 678 932 observantibus
691 920 701 938 ‚
724 891 831 946 quod
851 887 994 931 Matth.

199 966 257 991 10.
289 965 326 991 v.
347 966 408 994 20.
449 948 629 1005 scriptum
653 968 661 990 ε
718 951 802 990 Non
832 950 914 989 enim
935 961 996 989 ’νος

194 1009 285 1063 estas,
312 1009 366 1064 qui
388 1008 579 1064 loquimini,
600 1007 664 1063 [ἑᾶ
680 1009 822 1064 Spiritus
834 1007 969 1048 Sanflus
981 1035 993 1052 ,

193 1068 250 1124 qui
275 1067 413 1123 loquitur
432 1068 466 1106 in
481 1067 584 1108 vohs.
647 1068 757 1107 Hinc
779 1069 922 1107 mirum
941 1068 999 1106 vi-

196 1126 278 1166 deri
295 1124 459 1165 minime
499 1125 634 1171 debet,
667 1123 776 1180 quod
810 1138 906 1166 unus
945 1138 994 1163 ex

195 1183 462 1229 adstantibus,
495 1187 564 1238 qui
593 1190 633 1223 in
678 1181 873 1224 maculam
926 1180 996 1222 ha-

196 1245 329 1283 &enus
358 1242 582 1283 constanter
608 1241 862 1284 inclinaverat
879 1270 890 1287 ‚
936 1253 996 1280 to-

194 1300 321 1342 taliter
355 1304 575 1347 convffitus,
612 1300 733 1340 altum
774 1315 851 1355 prce
872 1299 995 1340 admi-

195 1363 349 1401 ratione
377 1359 627 1399 exclamarit:
670 1358 724 1397 Ίῖι
756 1374 789 1397 es
818 1374 861 1398 ex
892 1357 995 1397 tribus

194 1434 278 1458 unus
297 1431 367 1464 ,aut
387 1418 535 1474 Angelus
561 1416 599 1456 de
622 1417 699 1456 Coelo
720 1447 729 1462 ‚
753 1431 811 1456 aut
834 1416 996 1456 Diabolus

195 1493 239 1516 ex
270 1477 392 1530 infhrno
409 1505 419 1521 ‚
458 1489 518 1515 aut
557 1475 638 1513 certe
665 1479 776 1514 scotus
806 1474 845 1514 de
884 1476 993 1514 Duno.

195 1536 392 1577 Caeterum
413 1536 476 1575 vix
503 1533 588 1573 finis
619 1532 883 1588 Disputationi
903 1533 995 1573 huic

194 1593 368 1650 gloriosae
408 1604 489 1631 erat
534 1591 763 1647 impositus,
810 1593 903 1631 cum
935 1595 995 1630 in-

196 1666 305 1708 tegra
338 1649 468 1706 paullo
499 1649 584 1705 post
610 1648 787 1690 Sor-bona
806 1678 817 1695 ‚
863 1652 995 1705 praeci-

196 1724 273 1767 pua
325 1708 391 1748 illa
430 1708 658 1749 Parisiorum
710 1707 944 1749 Univerfitas
983 1737 994 1754 ,

198 1764 350 1809 iolenni
383 1765 453 1813 sese
494 1766 712 1819 juramento
748 1764 957 1806 obstrinxit
982 1794 994 1811 ,

196 1825 379 1868 omnibus
419 1824 670 1880 imposterum
707 1823 847 1865 viribus
871 1849 882 1866 >
922 1826 996 1863 im-

200 1885 436 1927 maculatam
491 1884 538 1922 M
551 1897 577 1922 A
596 1895 622 1922 R
641 1895 654 1921 1
673 1896 698 1921 A
716 1896 747 1922 M
808 1881 995 1922 defende-

202 1961 262 1989 re,
296 1957 414 1997 quam
465 1940 550 1981 aliae
586 1939 839 1996 postmodum
898 1943 995 1981 Uni-

200 2002 391 2047 verfitates
440 1998 658 2055 complures
711 2004 835 2053 (quas
894 2001 993 2040 inter

200 2077 285 2105 non
316 2059 494 2100 ultimum
527 2056 631 2098 certe
674 2055 807 2098 locum
840 2056 995 2099 obtinet

200 2121 315 2164 Alma
327 2148 336 2165 ‚
370 2125 409 2160 ἃ.
427 2115 545 2158 Archi
558 2114 816 2172 -Episcopalis
832 2120 995 2158 Univer-

200 2183 283 2223 fitas
313 2177 440 2218 nostra
473 2175 790 2232 Salisburgenfis)
826 2174 1000 2216 laudabi-

200 2236 424 2282 liffimcssmt
444 2234 590 2274 secutae.
647 2236 783 2290 Imago
794 2247 922 2274 autem
943 2234 1000 2276 su.

201 2297 393 2358 pradicla,
426 2296 464 2333 in
485 2293 719 2333 hodiernum
729 2292 855 2333 adhuc
878 2293 996 2340 diem,

203 2355 394 2399 inclinato
425 2355 549 2407 capite
579 2350 808 2406 conspicua,
838 2354 880 2390 in
912 2367 996 2393 me-

201 2418 370 2458 moriam
402 2410 559 2466 insignis
596 2409 771 2449 miraculi
797 2438 807 2455 ,
839 2408 995 2452 affierva-

202 2491 284 2518 tur,
316 2476 450 2527 Scottis
479 2468 570 2509 vero
596 2497 606 2513 ‚
646 2467 749 2508 haud
774 2469 996 2516 immerito,

202 2530 345 2576 subtilis
362 2527 503 2569 exinde
530 2529 714 2567 D0&01·is
742 2525 808 2566 sibi
832 2528 996 2568 Nomen

207 2591 430 2652 promeruit,
489 2587 625 2625 Poierus
649 2590 713 2625 Soc.
726 2587 763 2633 J,
778 2586 810 2624 in
822 2584 907 2641 tripl.
942 2590 998 2627 Co.

262 2664 336 2692 ron:
351 2647 442 2701 Virg,
453 2645 543 2684 τνιιὲἶ.
560 2662 587 2683 l.
599 2661 625 2683 c.
639 2643 773 2697 3.stellci*
783 2661 817 2692 7.
831 2646 941 2699 Barqy

385 2701 463 2745 8:⁰5
479 2703 645 2743 Nowemb.
650 2702 711 2757 fol.
728 2720 805 2753 570.

524 2771 564 2804 (φ’
595 2762 665 2817 alij.

1216 220 1256 284 §.
1282 230 1326 284 5.
1363 217 1639 293 §ymbolum

1096 314 1272 364 FrVstra
1327 314 1522 364 Laborat
1554 317 1789 382 afflngens
1856 323 1996 381 404.

1196 389 1430 457 CVLpaM
1448 391 1671 460 Delparae.

1084 1633 1209 1674 Sisyphe,
1221 1632 1288 1674 quid
1301 1642 1410 1664 tantam
1422 1632 1519 1662 frustra
1530 1632 1606 1672 super
1614 1634 1700 1664 ardua
1710 1634 1819 1664 molem

1126 1676 1243 1706 volvere
1258 1676 1421 1713 praetendis?
1444 1674 1500 1715 quo
1511 1676 1605 1714 magis
1619 1676 1695 1709 alta,
1718 1685 1788 1705 ruet.

1087 1718 1186 1747 Desine
1200 1718 1235 1745 fic
1258 1717 1363 1755 lapsam
1386 1727 1464 1745 uaevo
1489 1717 1654 1746 maculante
1674 1719 1820 1748 ΜΑΜΑΜ

1124 1759 1225 1788 Dicere
1242 1769 1249 1787 :
1273 1758 1304 1787 ni
1320 1757 1415 1790 cesses,
1440 1756 1556 1788 frastim·
1571 1759 1635 1788 inde
1647 1759 1739 1788 cades

1182 1824 1243 1861 Qu·
1258 1823 1353 1852 voluit
1373 1822 1490 1862 lapidem
1504 1839 1512 1851 ‚
1533 1830 1695 1852 revertetur
1714 1822 1753 1852 ad
1765 1830 1839 1859 eum,

1047 1867 1126 1896 Ptov.
1143 1872 1220 1894 026.
1243 1875 1268 1893 v.
1288 1874 1327 1893 27.

1204 1969 1246 2021 ξ.
1272 1958 1326 2014 6.
1360 1959 1660 2036 Antiquitas.

1078 2061 1251 2109 DraCo
1273 2090 1289 2116 ,
1336 2054 1394 2105 ab
1413 2059 1579 2104 AtILIo
1604 2059 1810 2122 RegVLo
1861 2077 1991 2135 405,

1301 2130 1588 2191 pereMptVs.

1142 2213 1295 2256 Elatum
1314 2211 1337 2255 ὲ
1367 2212 1622 2271 Scriptoribus
1644 2212 1806 2255 habetur
1834 2242 1846 2263 ‚

1160 2277 1201 2315 in
1217 2273 1366 2319 Africa,
1397 2272 1498 2329 apud
1522 2273 1736 2329 Bagradam
1757 2273 1846 2314 Flu-

1046 2347 1140 2374 men
1164 2363 1175 2380 ,
1206 2347 1323 2374 tantae
1343 2331 1620 2388 magnitudinis
1642 2345 1809 2388 anguem
1831 2358 1844 2378 ,

1044 2392 1105 2433 stu
1133 2395 1260 2448 potius
1291 2394 1520 2433 Draconem
1555 2388 1741 2431 delituisse
1759 2420 1770 2437 ‚
1801 2405 1843 2432 ut

1046 2449 1150 2505 Atilij
1178 2449 1348 2507 Reguli,
1379 2448 1534 2505 insignis
1566 2451 1841 2492 Romanorum

1047 2508 1143 2549 Belli
1158 2533 1174 2537 -
1186 2512 1308 2550 Ducis
1323 2509 1534 2549 exercitum
1549 2534 1560 2553 ‚
1592 2521 1675 2548 non
1685 2512 1840 2549 tantum

1047 2567 1109 2609 usu
1131 2568 1289 2611 Amnis,
1320 2568 1370 2608 ad
1404 2565 1710 2623 extinguendam
1734 2567 1839 2624 frigi-

1049 2626 1099 2667 da
1123 2627 1222 2668 sitim
1233 2657 1243 2673 ,
1262 2626 1383 2683 longo
1398 2640 1573 2682 ternpore
1587 2624 1838 2682 prohibuerit,

1050 2688 1183 2728 verum
1194 2689 1312 2726 etiam
1323 2685 1509 2742 plurimos
1519 2687 1597 2739 jam
1612 2683 1816 2724 bellatores
1828 2714 1839 2731 ‚

1047 2759 1188 2800 aquam
1202 2743 1397 2785 hausturos
1412 2774 1422 2790 ‚
1448 2745 1589 2800 partim
1611 2742 1735 2783 hianti
1747 2746 1840 2784 ric-“tu

1046 2803 1239 2845 devorarit
1250 2829 1261 2847 ‚
1280 2807 1420 2858 partim
1431 2803 1520 2844 diris
1532 2800 1663 2842 caudae
1674 2800 1839 2842 volumi-

1044 2860 1157 2904 nibus
1181 2861 1401 2918 implicatos
1423 2891 1434 2908 ‚
1485 2864 1603 2901 morti
1630 2858 1838 2901 tradiderit«

1043 2923 1143 2962 Non
1171 2933 1322 2977 poterat
1347 2934 1457 2961 tanta
1490 2919 1628 2959 Bellua:
1655 2918 1837 2960 immanis

1044 2982 1222 3021 atrocitas
1251 2978 1317 3019 diu
1343 2976 1539 3035 Regulum
1571 2977 1709 3023 lateres
1741 2978 1836 3018 hinc

1042 3041 1331 3093 quamprimum
1355 3037 1395 3078 id
1416 3040 1621 3092 cognovit,
1652 3036 1838 3092 generoso

1045 3099 1196 3153 prorsus
1221 3095 1307 3137 ausu
1323 3125 1333 3141 ‚
1364 3093 1533 3137 validam
1556 3094 1725 3137 militum
1753 3110 1835 3134 ma-

1045 3170 1141 3199 num
1190 3157 1230 3195 in
1256 3154 1383 3195 bestiae
1412 3152 1660 3212 conspectum
1714 3153 1833 3193 addua

1101 3217 1130 3254 B
1148 3212 1172 3254 b
1197 3229 1213 3264 3
1701 3227 1804 3255 cens,
