2164 3413
685 123 1026 203 Conceptus

194 221 235 264 lo
262 219 531 278 persuaderent
550 249 560 266 ‚
602 222 849 260 temerarium
866 232 982 258 exco-

195 282 363 337 gitarunt
382 279 527 319 facinus
547 308 558 324 ,
599 291 660 318 tot
685 276 876 318 fraudibus
903 275 983 331 ple-

197 353 293 379 num
306 366 316 383 ,
347 352 443 392 quot
455 336 593 377 exinde
605 335 783 375 homines
805 334 985 375 seducen-

198 398 258 442 di,
291 402 332 438 &
356 399 398 436 in
416 409 585 436 errorem
600 393 846 450 pertrahendi
857 391 984 432 effent.

198 453 458 496 Obsecrarunt
467 455 651 494 nimirum
665 450 856 493 Nobilem
865 465 987 504 quen-

196 514 288 554 dam
298 516 421 554 virum
432 542 443 558 ,
463 513 685 565 eorumjam
699 509 863 551 antehac
895 523 989 565 ope.

198 572 300 613 ribus
322 573 683 611 communicantem
702 599 711 615 ,
742 583 784 610 ut
808 582 878 624 pro
894 582 988 607 con-

196 629 386 671 firmanda
430 627 598 686 ipsorum
652 627 857 672 sententia,
889 625 991 682 post-

197 688 317 744 quam
351 687 481 742 aliquo
516 701 691 742 tempore
723 686 922 726 infirmum
956 683 991 723 ie

197 744 426 792 fimulsiss'et,
472 745 668 802 postremo
702 743 926 784 defunctum
959 741 992 783 ie

197 806 385 862 fingeret,
412 820 456 845 ac
472 804 573 859 quasi
603 819 673 860 pro
705 801 913 859 sepultura,
944 801 994 841 ad

196 879 333 907 eorum
355 863 562 904 Ecclesiam
587 863 780 919 deportari
796 860 830 901 ie
846 875 992 917 patere-

198 937 278 970 tur,
310 937 403 964 tunc
419 920 599 978 praeterea
618 950 628 967 ‚
668 920 770 975 quasi
801 920 850 960 ad
869 922 990 961 vitam

199 996 421 1027 revocatus,
455 980 475 1021 ὲ
496 980 635 1020 feretro
660 977 730 1019 stefie
762 977 989 1020 extolleret,

199 1043 291 1081 cum
318 1040 367 1080 ad
397 1039 723 1080 contestationem
736 1040 891 1078 MARIAE
915 1065 925 1082 ‚
957 1039 998 1075 in

200 1096 382 1155 originali
405 1112 567 1154 peccato
583 1110 805 1153 conceptae,
831 1095 872 1135 id
884 1098 998 1135 mira-

199 1157 331 1199 culum
351 1156 536 1198 Sacerdos
574 1155 596 1196 ἐι
622 1157 797 1195 Numine
820 1152 999 1210 exposce-

200 1230 272 1257 ret.
336 1214 501 1257 Praebuit
550 1213 713 1255 Nobilis
761 1213 998 1267 iniquiffimis

199 1273 502 1332 suggestionibus
542 1271 725 1314 allenium
746 1302 757 1318 ,
821 1287 865 1312 ac
913 1270 998 1327 post

200 1334 330 1375 fictam
371 1347 584 1390 paucorum
613 1332 762 1372 dierum
796 1331 998 1370 infirmita-

200 1406 283 1434 tem
303 1422 314 1438 ,
357 1407 504 1448 magno
531 1406 621 1432 cum
643 1404 847 1447 apparatu,
880 1388 998 1429 turbis

201 1451 478 1493 comitantibus
489 1480 499 1497 ,
530 1450 579 1490 ad
591 1449 799 1490 Ecclesiam
816 1448 994 1504 deporta-

202 1524 262 1551 tus
279 1539 289 1556 ,
321 1513 361 1550 in
409 1510 486 1564 ejus
540 1509 672 1548 medio
717 1506 994 1562 deponebatur.

201 1573 434 1611 Sermonem
470 1567 724 1609 Sacerdotum
745 1565 902 1606 illorum
929 1564 996 1605 ali-

201 1629 285 1683 quis
324 1626 526 1668 funebrem
567 1625 789 1682 perorabat,
829 1629 1000 1678 cumque

201 1686 255 1728 ad
292 1682 467 1727 medium
504 1685 683 1726 difflonis
729 1680 957 1740 pervenisset
988 1704 1000 1726 5

204 1756 300 1803 tunc*
329 1743 529 1786 enimvero
551 1774 562 1790 ,
597 1741 839 1800 praeientibus
886 1745 1000 1782 innu-

204 1804 320 1845 meris
343 1801 710 1845 vereScholaribus›
740 1799 924 1846 Civibus,
955 1815 1000 1840 ac

205 1859 441 1904 diversorum
470 1860 668 1902 Ordinum
690 1854 891 1915 Religiofis
912 1888 922 1904 ,
951 1858 1000 1898 ad

205 1924 385 1976 exequias
403 1922 628 1961 convocatis
645 1948 655 1965 ,
695 1919 896 1970 conjurare
937 1919 997 1956 in-

201 1983 306 2036 cepit
329 1978 520 2020 Nobilem
535 1977 657 2024 illum,
689 1989 756 2032 per
772 1977 864 2016 DEI
882 1978 999 2016 virtu·

204 2053 308 2084 tem,
340 2053 384 2078 ac
418 2039 637 2094 potentiam
660 2063 670 2080 ‚
706 2048 748 2075 ut
770 2034 796 2074 fi
813 2037 1000 2090 Virginea

205 2100 299 2139 DEI
322 2099 502 2138 Genitrix
518 2092 765 2150 Originalem
789 2091 997 2133 conti-axiiss

202 2155 256 2197 set
274 2154 490 2200 maculam,
521 2155 696 2210 protinus
721 2150 915 2192 amortuis
940 2162 998 2191 re-

203 2214 388 2272 surgeret,
420 2229 464 2253 ac
483 2214 631 2254 veritati
663 2211 753 2251 huic
782 2208 998 2250 testimoni-

205 2289 273 2315 um
295 2272 521 2329 perhiberet.
580 2268 799 2325 Repetebat
828 2271 994 2314 iterum,

204 2330 420 2387 iterumc‘lue
456 2330 769 2383 conjurationem
794 2326 897 2367 suam
932 2331 996 2368 Sa-

202 2390 360 2436 cerdos,
392 2388 455 2429 sed
482 2386 616 2428 frustra
647 2388 808 2431 omnia,
839 2384 993 2427 cessavit

203 2452 390 2491 nimirum
414 2447 518 2488 fictio
541 2475 551 2491 ‚
582 2444 648 2486 ubi
673 2459 762 2485 vera
787 2445 897 2484 Mors
918 2446 992 2485 im-

204 2507 367 2565 postoris
402 2509 575 2548 animam
601 2503 622 2544 e
649 2517 812 2559 corpore
829 2503 991 2543 extrusit.

204 2566 423 2606 Admiratus
454 2579 547 2621 ergo
595 2565 738 2602 mirum
765 2564 805 2600 in
826 2561 992 2601 modum

204 2622 420 2680 Presbyter,
462 2639 506 2664 ac
528 2619 732 2662 immobile
762 2618 908 2676 prorsus
931 2635 994 2660 ca-

203 2682 319 2723 daver
339 2678 606 2738 persentiscens
631 2709 641 2726 ,
685 2677 831 2719 summe
851 2677 990 2718 confu-

202 2739 259 2780 sus
280 2743 485 2781 intremuit.
546 2740 703 2793 Conjux
725 2736 841 2794 porro
853 2736 990 2777 defun-

200 2801 268 2844 ἀπ’,
299 2813 378 2840 tam
390 2799 564 2840 nefandae
586 2797 725 2838 fraudis
748 2794 911 2836 minime
933 2799 990 2852 ig*

196 2872 288 2898 nara
309 2886 320 2903 ‚
352 2859 442 2897 cum
463 2863 504 2899 &
542 2855 618 2913 ipsa
656 2854 837 2896 dolorem
858 2853 989 2895 multis

195 2915 399 2971 lachrymis
412 2914 588 2956 simulans
604 2944 614 2960 ,
645 2918 830 2956 maritum
849 2913 898 2953 ad
910 2915 982 2953 Ec-

190 2974 342 3017 clefiam
365 2976 551 3015 comitata
579 2971 707 3030 fuisset
724 3003 735 3022 ,
766 2971 901 3015 videns
930 2971 980 3012 ad

1108 122 1359 185 xxviii.
1717 137 1782 200 93

1034 222 1248 262 Sacerdotis
1277 218 1366 275 jussa
1383 250 1394 268 ‚
1434 234 1570 277 corpus
1590 220 1794 261 immobile
1815 248 1827 265 ,

1034 279 1161 320 statim
1175 281 1361 326 advertit,
1392 278 1606 336 malignam
1622 283 1751 319 mariti
1775 277 1827 318 sui

1036 338 1257 384 fictionem,
1290 338 1502 379 detestante
1520 337 1659 381 Coelo,
1692 337 1830 377 debitis

1037 396 1262 437 mulctatam
1292 396 1480 453 supplicijs
1508 395 1637 441 fuisse,
1673 395 1766 435 hinc
1782 394 1830 434 ad

1037 454 1218 495 feretrum
1240 455 1446 496 confestim
1461 469 1660 495 accurrens
1683 483 1693 499 ‚
1725 469 1830 493 mor-

1039 526 1150 553 tuum
1174 514 1304 554 revera
1334 516 1486 555 invenit
1508 516 1658 558 virum,
1690 516 1754 567 qui
1776 514 1833 553 vi-

1040 587 1107 612 vus
1139 575 1179 612 in
1200 572 1407 612 Ecclesiam
1446 571 1567 612 fuerat
1590 571 1832 627 deportatus:

1041 631 1254 686 Eapropter
1288 645 1434 686 magno
1467 644 1557 670 cum
1585 629 1726 684 ejulatu
1770 644 1834 669 ex-

1041 687 1235 734 clamans,
1267 689 1403 729 talibus
1426 689 1676 729 Sacerdotem
1701 691 1836 729 convi-

1043 748 1110 801 cijs
1131 749 1305 803 impetijt.
1379 746 1705 788 Osceleratiffime
1732 751 1739 786 Ξ
1771 762 1838 787 oc-

1044 805 1168 845 cidisti
1190 810 1314 846 virum
1327 810 1484 845 meum!
1510 808 1586 851 Tu,
1617 808 1681 846 Tu
1692 805 1839 846 occidi-

1042 864 1086 904 sti
1099 863 1209 904 illum
1234 870 1241 903 !
1268 864 1413 904 Fraude
1437 866 1550 919 igitur
1577 879 1645 920 per
1659 863 1840 904 ordinem

1040 923 1235 969 enarrata,
1268 922 1332 963 suo
1361 924 1440 976 jam
1465 922 1599 962 orbata
1633 923 1799 979 conjuge
1830 953 1839 969 ‚

1047 981 1383 1038 lachrymabunda
1433 980 1578 1020 recessit
1608 1010 1619 1026 ,
1684 985 1843 1022 maritus

1048 1056 1168 1086 vero,
1211 1056 1301 1081 cum
1339 1039 1511 1080 maximfi
1542 1038 1844 1080 adversariorum

1048 1099 1296 1145 confinione,
1329 1102 1565 1139 contrariam
1582 1101 1746 1139 intentae
1775 1098 1845 1138 fal-

1048 1158 1147 1199 fitati
1167 1162 1366 1199 veritatem
1391 1187 1400 1203 ‚
1433 1157 1493 1197 lua
1513 1172 1639 1197 morte
1656 1187 1666 1204 ,
1697 1162 1738 1197 in
1760 1160 1846 1198 astu

1049 1221 1220 1258 exercito
1232 1215 1845 1274 comprobavit.'YQynaudf-mess.

1043 1288 1122 1335 pag.
1136 1293 1207 1323 325.

1232 1393 1272 1459 ᾗ,
1296 1403 1341 1455 5.
1379 1387 1656 1465 Symbolum.

1048 1505 1153 1552 NeC
1186 1498 1445 1550 HerCVLes
1477 1503 1655 1547 Contra
1680 1501 1850 1559 DVos,

1092 1577 1294 1636 Delpara
1315 1575 1416 1619 sIne
1434 1569 1552 1618 Labe
1566 1573 1802 1632 ConCep-

1281 1657 1326 1691 ta
1347 1676 1362 1701 ,
1390 1646 1569 1693 Contra
1595 1645 1638 1704 3.
1723 1702 1725 1704 Ι

1206 1737 1305 1763 ΞΞΞ
1510 1737 1571 1750 Ξ»
1600 1744 1660 1750 ης

1083 2787 1212 2822 Herculis
1221 2789 1274 2818 hoc
1284 2785 1368 2816 robur
1376 2793 1433 2815 non
1441 2784 1490 2814 est»
1501 2783 1626 2822 praestare
1640 2781 1752 2811 duobus
1763 2801 1773 2815 ,

1122 2832 1264 2862 Herculeo
1276 2830 1338 2869 plus
1345 2829 1382 2856 est
1391 2827 1493 2855 robore
1508 2837 1515 2855 :
1532 2825 1622 2853 sterno
1634 2825 1713 2853 duos.

1078 2875 1235 2907 Mortalem
1245 2872 1366 2909 culpam,
1382 2867 1541 2898 venialem,
1558 2871 1585 2896 δε
1598 2865 1729 2905 originis,
1745 2861 1831 2891 Alma

1113 2919 1211 2947 Mater
1225 2915 1372 2950 conceptu
1383 2912 1443 2938 Tres
1456 2918 1535 2938 necat
1543 2917 1601 2935 una
1615 2906 1673 2936 sue.

1069 2982 1129 3010 Tres
1139 2980 1234 3019 species
1250 2976 1343 3006 odivit
1365 2975 1466 3003 anima
1482 2979 1553 3001 mea.
1576 2967 1660 2998 Eccii.
1670 2977 1692 2997 c·
1708 2976 1753 3004 ²5·
1765 2976 1794 2995 v.
1807 2975 1832 3002 3.

1685 3235 1724 3286 §.
1738 3227 1789 3281 6.

1885 1490 2001 1554 194⁶
