2164 3413
50 828 174 895 463.
210 862 213 863 ⁷

51 2304 174 2342 Psal.37

49 2995 114 3027 psal.
129 3000 155 3025 6.

46 3050 108 3074 V·7·

431 375 582 455 De)
619 372 992 480 Concepta
1034 370 1243 452 Sacra
1182 224 1721 481 Demaraffi

536 535 1149 610 CONCEPTUS
1234 536 1526 605 LXVII.

422 692 461 744 §.
477 698 513 735 Ι.
549 687 802 755 Scriptura.

313 777 429 821 PVra
471 776 666 834 DeIpara
690 807 704 830 ‚
752 776 945 823 LectVs

463 845 760 890 SaLoMonIs.

223 932 337 972 Cant.
352 946 384 971 c.
398 945 426 981 3.
447 947 482 972 v.
501 947 534 984 7.
573 933 631 970 En
667 931 813 971 leHulum
842 930 1017 973 salomom

271 989 448 1045 sexaginta
458 990 562 1045 forces
573 989 718 1030 ambiunt
729 990 742 1027 !

360 1068 501 1108 Ormi,
531 1065 556 1105 fi
574 1080 682 1121 potes
698 1094 708 1110 ,
737 1078 916 1121 peccator
931 1092 942 1109 ,
974 1068 1014 1104 &

222 1076 356 1203 D
389 1121 500 1163 molli
523 1124 718 1179 impositus
743 1124 882 1164 lectulo
901 1151 911 1168 ,
944 1136 1014 1177 pro

389 1181 499 1221 libitu
511 1182 720 1237 requiesce!
752 1197 834 1222 non
847 1182 1015 1222 dormiet

222 1242 377 1279 interim
394 1269 403 1285 ,
436 1255 509 1280 nec
528 1242 577 1281 ad
602 1254 850 1281 momentum
888 1242 1014 1293 requi-

221 1296 320 1339 escet
333 1327 344 1344 ,
373 1297 433 1339 vel
448 1298 550 1339 mala
573 1300 621 1339 de
632 1302 798 1355 peccatis
819 1298 1016 1340 conscien-

222 1359 297 1402 tia,
327 1356 387 1397 vel
403 1356 556 1397 acerbus
568 1357 617 1397 de
642 1361 862 1414 perpetratis
891 1355 1013 1397 dolor.

222 1415 418 1456 Davidem
438 1419 692 1472 recogitemus
708 1442 719 1459 2
750 1431 831 1456 non
842 1417 921 1470 jam
938 1417 1016 1456 Re-

224 1488 326 1529 gem,
352 1473 501 1530 populis
531 1478 814 1540 imperantem,
845 1474 908 1515 led
942 1472 1016 1514 vile

220 1546 369 1587 peccati
416 1536 653 1588 mancipium
679 1559 690 1575 ‚
733 1546 869 1588 utpote
915 1530 1017 1587 turp‘i

222 1589 334 1645 (proh
346 1590 485 1646 pudor!
505 1596 514 1641 )
547 1590 716 1647 flagitio,
747 1590 888 1631 leclum
900 1591 1017 1646 Regi-

221 1663 286 1688 um
297 1652 644 1689 contaminantem.
709 1650 894 1706 Expertus
913 1647 1015 1689 certe

222 1721 316 1746 mox
331 1705 392 1746 ille
415 1707 485 1747 fuit
498 1710 732 1749 continuum
758 1707 1015 1748 remordentis

223 1768 348 1805 conse
355 1769 466 1805 cntiae
477 1778 631 1806 motum
647 1792 659 1809 ‚
686 1765 1015 1822 horologijadin-

222 1819 295 1863 sti:-
325 1853 336 1869 ,
368 1816 433 1864 diu
464 1853 475 1870 ‚
515 1824 709 1890 noctuque
746 1824 963 1879 inquietum
1003 1841 1013 1870 3

222 1881 559 1935 quemadmodum
575 1885 681 1922 enim
692 1882 783 1928 hoc,
808 1881 861 1923 ob
870 1883 1016 1938 depen-

220 1941 315 1980 dens
350 1956 396 1979 ex
434 1941 586 1981 funibus
633 1940 857 1996 plumbeum
892 1967 903 1983 ,
942 1940 1014 1980 fer-

222 2001 378 2039 reumve
397 2000 571 2055 pondus,
601 2012 780 2040 movetur
800 1998 991 2040 continuo
1004 2028 1014 2044 ‚

222 2056 378 2111 quiescit
398 2073 618 2112 nunquam
655 2058 705 2099 fic
721 2072 945 2114 aggiavata,
973 2063 1014 2100 δε

222 2113 374 2156 funibus
387 2131 633 2171 peccatorum
652 2116 914 2172 circumplexa
931 2118 1014 2156 Da-

223 2174 318 2215 vidis
339 2174 572 2215 conscientia
595 2176 658 2215 diu
671 2202 681 2219 ,
714 2174 908 2230 nocliique
931 2190 1016 2215 mo-

221 2232 399 2279 vebatur,
432 2233 620 2289 pulsabat,
649 2233 855 2288 torquebat
878 2260 889 2276 >
919 2232 1015 2289 ipso

224 2305 306 2331 met
321 2291 369 2331 de
385 2291 419 2332 se
441 2291 662 2332 attestante:
693 2293 853 2348 Qoniam
865 2292 1017 2348 iniquita-

224 2364 272 2390 tes
293 2366 365 2388 meae
396 2350 648 2406 upergreffieficnt
669 2362 763 2406 caput
780 2366 882 2389 meum
890 2380 901 2396 ,
933 2350 1016 2406 &fi-

223 2423 275 2447 cut
286 2422 499 2464 onmgra‘vffi
527 2408 864 2464 gravataefimtficper
875 2425 931 2448 me.
974 2416 1014 2452 &

221 2466 312 2507 licet
327 2482 392 2523 per
403 2466 517 2507 verba
528 2466 593 2507 illa
609 2496 618 2512 ‚
641 2466 776 2507 dolore
785 2466 1014 2522 pleniffima:

222 2527 365 2565 Peccavi
380 2527 528 2571 Domino,
548 2534 610 2568 &a
641 2524 753 2565 facile
771 2524 860 2580 culp
863 2540 925 2565 am
949 2541 1014 2566 ex-

223 2587 402 2630 tinxerit,
433 2582 665 2639 veniamque
678 2582 832 2649 supplex
856 2582 1012 2625 obtinu-

223 2645 318 2687 erit,
351 2643 519 2683 necdum
543 2657 673 2683 tamen
687 2646 856 2698 quietem
876 2657 1011 2698 capere

224 2699 286 2741 vel
314 2703 353 2739 in
372 2700 512 2741 lectulo
548 2715 725 2758 poterat,
758 2714 914 2756 utpote,
943 2704 1009 2756 qui

224 2757 314 2798 loco
324 2757 446 2799 somni
458 2759 603 2800 ibidem
621 2759 800 2816 captandi
819 2788 829 2804 ,
862 2774 1010 2801 amaras

220 2820 459 2871 poenitentiae
474 2817 709 2874 lachrymas,
723 2816 873 2874 singulis
886 2820 1008 2859 nosti-

222 2874 313 2919 bus,
343 2873 448 2930 super
462 2875 616 2917 stratum
633 2880 801 2933 Regium
816 2875 1010 2918 effundere

221 2932 423 2978 lolitabat,
455 2947 497 2973 ut
522 2936 656 2991 jugiter
681 2934 858 2991 impleret
888 2934 1009 2982 illud,

220 2991 355 3045 quod
347 3007 387 3030 111
404 2990 556 3031 Psalmis
581 2993 800 3048 promiserat
832 3009 840 3031 ;
872 2993 1011 3033 Lavabo

214 3061 274 3106 per
285 3049 421 3105 singulas
442 3050 543 3088 noeies
562 3050 673 3091 leilum
688 3068 810 3097 meum,
840 3051 1010 3106 lachrymis

219 3109 296 3146 meos
313 3109 452 3162 stratum
473 3124 575 3146 meum
600 3109 707 3166 rigabo
729 3126 736 3147 τ
783 3109 930 3150 Taliter
950 3114 1007 3151 ni-

218 3168 359 3206 mirum
394 3165 617 3222 oportebat,
648 3167 800 3224 pessime
840 3168 1005 3209 custodi-

1064 669 1169 701 tum,
1201 654 1376 712 turpique
1397 658 1682 725 prophanatum
1704 661 1852 703 adulte-

1065 716 1122 754 rio
1142 713 1308 754 lectum
1296 731 1318 755 a
1345 718 1451 772 Rege
1477 721 1692 773 poenitente
1718 736 1853 762 recon-

1065 771 1194 812 ciliari.

1177 831 1343 873 Verum
1333 846 1410 884 Jam
1431 849 1453 872 a
1469 834 1576 888 Rege
1587 834 1634 874 ad
1647 837 1853 891 Reginam,

1065 882 1196 928 alecto
1211 893 1377 944 peccatis
1396 889 1571 936 sordido,
1603 893 1650 933 ad
1672 893 1853 935 lectulum

1065 945 1114 986 ab
1128 946 1240 987 omni
1258 950 1554 1001 inquinamento
1568 950 1742 991 mundiff
1745 966 1854 992 mum

1066 1010 1355 1047 convertamur!
1387 1006 1436 1046 ad
1471 1005 1581 1047 illum
1622 1007 1782 1055 scilicet,
1814 1014 1855 1050 in

1064 1077 1143 1116 quo
1181 1063 1357 1104 Coelestis
1387 1064 1617 1119 requiescere
1647 1066 1855 1114 Salomon,

1064 1120 1237 1164 Verbum
1251 1123 1456 1169 Divinum,
1469 1122 1592 1163 voluit
1602 1153 1612 1169 ,
1626 1125 1858 1181 puriffimam

1065 1193 1208 1236 nempe
1240 1183 1442 1237 Virginem
1477 1184 1557 1222 Dm
1583 1184 1857 1230 Genitricem5

1065 1239 1165 1278 Haec
1194 1239 1396 1280 enimvero
1429 1240 1561 1279 leffulm
1590 1240 1653 1281 ille
1681 1243 1856 1283 Salomonis

1065 1296 1287 1350 juremerito
1299 1301 1509 1354 nuncupari
1522 1298 1646 1354 potest
1660 1325 1670 1343 ‚
1698 1302 1801 1354 cujus
1815 1305 1855 1342 in

1066 1369 1198 1398 utero,
1229 1355 1370 1396 Christi
1391 1358 1525 1396 Deitas
1559 1357 1771 1400 humanam
1792 1359 1859 1400 sibi

1066 1412 1293 1469 desponsans
1319 1428 1496 1454 naturam
1515 1443 1524 1460 ,
1555 1430 1701 1457 novem
1719 1418 1858 1458 menfi-

1066 1471 1135 1513 bus
1154 1470 1358 1513 suavissime
1375 1476 1559 1527 requievit
1574 1502 1584 1519 ,
1614 1478 1654 1514 in
1668 1478 1771 1529 cujus
1783 1479 1855 1517 vir-

1065 1533 1184 1586 gineo
1200 1558 1210 1576 ,
1243 1545 1287 1571 ac
1312 1534 1460 1587 prorsus
1484 1533 1735 1574 immaculato
1756 1535 1856 1580 sinu,

1066 1590 1205 1630 DEuS
1225 1589 1350 1630 infans
1363 1589 1455 1657 saepe
1469 1589 1642 1655 placide,
1672 1606 1859 1647 tanquam

1065 1648 1274 1694 incentro,
1306 1651 1551 1703 conquievit*
1585 1651 1860 1705 Haecinquam

1065 1703 1182 1747 leons
1207 1705 1271 1747 ille
1286 1705 1503 1748 Salomonis
1525 1706 1599 1753 est,
1630 1723 1746 1762 quem
1753 1709 1857 1764 fixa-

1059 1763 1156 1819 ginta
1171 1764 1276 1818 fortes
1302 1764 1468 1810 ambiunt,
1509 1765 1609 1806 adeo
1648 1765 1846 1808 sollicite
1832 1784 1855 1810 a

1064 1820 1263 1863 fortiflima
1286 1824 1471 1863 Numinis
1489 1823 1745 1879 praeservantis
1765 1840 1854 1882 pro-

1065 1880 1236 1921 videntia
1272 1880 1502 1927 custoditus,
1534 1895 1576 1922 ut
1619 1883 1715 1924 nulli
1747 1884 1853 1925 alteri

1063 1953 1235 1992 unquam
1260 1946 1500 1985 communis,
1531 1940 1670 1982 nullius
1700 1945 1858 1998 turpitu-

1064 1996 1183 2043 dinis,
1215 2013 1280 2038 aut
1311 1998 1439 2038 deliffi
1476 1999 1646 2040 conicitis
1677 2027 1688 2044 ‚
1729 2016 1857 2041 omnis

1062 2054 1202 2096 faetoris
1224 2060 1265 2096 in
1288 2071 1512 2113 perpetuum
1533 2058 1710 2099 manserit
1729 2059 1857 2100 exclu-

1065 2113 1167 2154 sivus.
1230 2115 1330 2158 Vere
1343 2115 1499 2156 leel-ulus
1516 2115 1600 2158 ssiav
1603 2117 1759 2162 iffimus,
1774 2118 1853 2173 pla-

1064 2172 1181 2212 cidiff
1172 2188 1294 2219 mus
1323 2175 1481 2228 quietiss
1472 2190 1592 2215 mus
1637 2189 1738 2216 totus
1762 2191 1856 2232 pra:-

1065 2244 1169 2271 terea
1204 2230 1359 2272 floridus
1377 2262 1387 2278 ,
1426 2232 1560 2299 plenus
1585 2232 1691 2287 Lilijs
1711 2233 1855 2291 semper

1068 2290 1382 2337 candicantibus,
1415 2295 1505 2347 quia
1527 2294 1567 2331 in
1581 2291 1658 2347 ipso
1673 2294 1855 2349 Concep-

1066 2350 1182 2388 tionis
1199 2352 1414 2417 principio,
1443 2349 1491 2390 ab
1508 2349 1620 2390 omni
1642 2349 1785 2391 sceleris
1800 2351 1852 2393 la-

1065 2405 1113 2446 be
1125 2410 1276 2462 penitus
1291 2407 1445 2448 alienus
1506 2408 1668 2464 Optime
1675 2411 1853 2465 promde,

1064 2463 1258 2520 lingularis
1293 2466 1478 2507 doctrinae
1499 2466 1670 2513 Author,
1704 2467 1853 2509 Galati-

1062 2538 1133 2563 nus
1153 2552 1164 2569 ,
1195 2521 1303 2580 super
1329 2523 1395 2565 illa
1431 2524 1572 2581 lponsae
1603 2529 1643 2565 in
1681 2527 1853 2568 Canticis

1061 2581 1195 2622 verba:
1226 2585 1312 2622 Ecce
1322 2597 1357 2623 tu
1362 2584 1492 2640 pulcher
1516 2601 1565 2629 es,
1595 2585 1716 2624 Dileele
1726 2586 1790 2631 mi,
1813 2593 1851 2628 (ἓν

1060 2639 1191 2680 decorm
1205 2641 1218 2679 .'
1243 2643 1396 2688 Lgffulm
1408 2643 1505 2696 noster
1513 2641 1665 2697 floridus,
1677 2651 1741 2686 &a
1760 2647 1852 2684 MA-

1060 2712 1170 2739 RiAM
1184 2702 1235 2739 ita
1250 2699 1499 2754 loquentem
1490 2716 1531 2741 in
1547 2701 1721 2742 medium
1732 2702 1852 2743 addu-

1059 2760 1139 2798 cit:
1170 2757 1443 2816 Qemadmvdum
1467 2775 1521 2815 ego
1544 2759 1662 2816 absque
1695 2761 1853 2816 Originali

1060 2816 1131 2856 labe
1141 2828 1285 2872 concepta
1296 2817 1370 2871 fiam
1390 2847 1401 2863 ,
1443 2818 1491 2857 ita
1522 2832 1557 2857 tu
1593 2833 1712 2874 quoque
1730 2835 1853 2858 amlcm·

1061 2890 1168 2920 mem,
1199 2883 1236 2917 ὢ·
1257 2874 1325 2915 ide&
1349 2876 1480 2932 pulcher
1501 2891 1532 2915 es
1554 2902 1565 2918 2
1596 2883 1635 2918 ὠ*
1648 2876 1807 2939 formosus
1838 2895 1850 2917 .-

1062 2933 1214 2972 Leaeulm
1238 2933 1358 2987 noster,
1390 2933 1427 2974 id
1446 2934 1504 2987 est,
1538 2933 1698 2989 conceptio
1724 2935 1848 2989 nostra,

1060 2992 1101 3048 est
1119 2989 1242 3054 florida
1260 3020 1270 3037 ,
1303 2999 1342 3034 (9·
1377 2991 1556 3046 odorifera,
1587 2991 1705 3048 absque
1728 2996 1851 3049 peccati

1060 3050 1268 3105 corruptione
1328 3051 1368 3090 O
1384 3049 1746 3105 praestantiffimum
1737 3066 1746 3090 1
1750 3057 1850 3107 gitur

1057 3110 1195 3148 Divini
1208 3105 1424 3148 Salomonis
1449 3086 1774 3153 leclum,MAR1
1768 3125 1845 3149 m.
1839 3115 1847 3138 f

1055 3167 1178 3264 Hiipfc
1192 3164 1572 3209 ΙεςἛυΠιΟΠΙεὺεῐως
1595 3170 1645 3208 ita
1665 3167 1844 3265 ςτειρὲὴεε

1199 3241 1216 3263 2
1775 3241 1812 3265 C-

1872 2609 1894 2633 e,
1907 2609 1926 2632 1.
1938 2612 1962 2632 v.
1972 2602 2028 2641 ult,

1874 2760 1904 2789 L.
1918 2770 1945 2797 7.
1954 2769 1977 2790 c.
1994 2765 2022 2790 8.
