2164 3413
77 1188 180 1219 Postiu.

78 1232 159 1260 latin·

77 1274 169 1307 major

78 1311 156 1350 supet

77 1355 184 1383 Festum

79 1397 216 1434 Concept-

99 2911 232 2980 646.

246 215 291 239 ac
303 198 544 239 instantaneo
560 197 730 237 erroresit
742 194 1030 252 compositurus.

246 259 324 298 En!
339 255 541 312 quomodo
559 270 676 296 nemo
693 255 746 301 sit,
768 258 835 308 qui
851 256 1031 294 MAMAM

246 315 484 356 condemnet
507 327 517 353 .>
545 329 586 354 ut
615 317 755 354 mirum
785 311 884 352 adeo
913 311 1033 351 videri

246 389 329 414 non
349 373 503 419 debeat5
535 372 716 412 omnibus
736 371 792 410 his
806 374 846 410 in
860 369 1038 423 Ejusdem

246 431 294 472 ab
306 430 483 488 originali
494 434 783 486 exemptionem
796 428 1038 468 consentien-

246 490 345 530 tibus
358 517 368 533 ,
399 503 593 544 receptam
604 489 705 528 hanc
718 486 943 527 sententiam
953 483 1038 531 esse,

246 563 329 589 non
352 551 392 587 in
433 546 562 589 Gallia
580 548 733 587 tantum
756 574 769 591 ‚
800 543 940 600 Angli&
958 572 967 588 ‚
998 549 1039 586 ὃς

247 606 435 662 Hispania
458 635 469 653 ,
497 604 559 645 led
586 608 625 644 in
646 602 859 646 Germania
887 606 1004 642 etiam
1025 630 1036 646 ,

248 663 402 709 Scotia„
430 663 641 707 Hibernia,
676 661 879 704 Sclavonifi
898 690 908 706 ‚
941 662 1038 700 Pan-

249 722 369 763 nonia
387 751 397 768 ‚
429 721 560 766 Italia,
582 727 657 763 &c.
698 726 830 761 Unum
853 718 1036 775 superest,

248 796 289 822 ut
318 780 411 836 quid
434 780 498 836 ipfi
520 785 634 820 etiam
651 781 856 821 Haeretici,
885 778 1003 829 Judaei
1024 805 1034 821 ‚

244 843 383 881 Turcae
395 868 405 884 ‚
430 840 476 879 de
489 841 656 894 Virginis
672 839 943 893 Conceptione
956 835 1036 874 sen«

245 902 366 939 tiant?
393 912 488 937 num
499 898 665 937 audeant
675 911 762 936 eam
782 894 836 936 illi
848 894 1034 935 condem-

248 969 362 997 nare?
382 956 557 996 curiosius
574 953 851 1011 investigemus.
911 955 1037 1006 Atque

247 1031 296 1055 ne
315 1017 482 1055 nimium
501 1013 638 1069 longus
657 1013 746 1056 sim,
774 1010 1038 1068 praetereundo

251 1074 601 1116 Rotterodamum‚
634 1077 674 1113 ὃς
696 1070 811 1116 alios,
841 1083 961 1110 unum
990 1083 1037 1108 ex

250 1132 437 1172 haereticis
476 1130 689 1171 Lutherum
718 1128 894 1169 adduco:
926 1127 1039 1166 MA-

252 1193 322 1246 RI
328 1191 370 1229 A
385 1191 489 1246 Virgo
511 1218 522 1235 ,
553 1191 678 1243 inquit
691 1185 776 1232 ille,
800 1188 905 1242 juxta
930 1196 1039 1241 corpus

253 1247 376 1305 quidem
385 1247 454 1302 fine
469 1247 582 1303 gratie?
595 1272 606 1289 ‚
627 1248 730 1301 juxta
748 1245 889 1285 animam
908 1258 1012 1283 autem
1026 1273 1037 1289 ,

247 1308 346 1363 plena
370 1306 485 1363 gratia*
511 1316 656 1361 concepta
677 1305 717 1357 est
736 1320 748 1343 ‚⁴
774 1304 829 1343 hoc
838 1302 901 1357 fibi
923 1303 1039 1342 volum

251 1364 354 1406 ‘verba
363 1365 421 1404 illa
431 1390 441 1407 ,
471 1380 536 1420 qua
547 1362 692 1419 Angelus
706 1362 840 1402 Gabriel
850 1360 897 1401 ad
910 1375 979 1400 eam
990 1359 1039 1399 di-

251 1423 358 1462 cebat:
384 1422 558 1462 Benedifla
567 1436 602 1460 tu
620 1420 864 1466 inmulieribus5
887 1435 946 1459 non
957 1419 1039 1458 enim

253 1481 377 1520 adeam
398 1480 459 1520 dici
463 1479 559 1536 poffit
569 1478 729 1519 benedi&
739 1494 774 1519 tu
785 1508 796 1525 ,
825 1477 855 1532 fi
866 1476 1039 1534 aliquando

253 1538 464 1579 malediflioni
474 1539 611 1578 obnoxia
616 1536 736 1594 suffe,
776 1538 919 1593 Dignum
931 1537 1037 1581 etiam,

254 1615 291 1637 ac
308 1598 424 1652 justum
435 1611 504 1637 erat
517 1623 528 1639 ‚
553 1596 635 1635 hanc
648 1595 813 1652 persimam
830 1594 873 1634 ab
903 1595 1040 1650 origina-

256 1657 278 1695 li
290 1668 419 1713 peccato
425 1655 639 1711 praeser‘vari‚
663 1653 701 1693 de
725 1654 790 1711 quc‘t'
812 1652 1040 1707 Christusfiem—

249 1728 367 1772 ptume
396 1727 465 1753 erat
495 1728 622 1752 carnem
640 1738 652 1755 ‚
689 1711 753 1768 quc?
784 1712 890 1752 omnia
909 1720 1042 1768 peccata

247 1773 421 1829 fieperaret.
482 1772 580 1810 Haec
627 1770 827 1811 Lutherus.
888 1769 1042 1821 Judaeos

257 1831 364 1885 quod
399 1833 560 1875 attinet,
592 1827 759 1869 fatentur
784 1829 809 1883 ij
839 1857 850 1874 ,
881 1838 1047 1868 matrem

258 1893 335 1930 veri
363 1888 504 1929 Meffiae
528 1886 667 1928 debere
699 1885 796 1933 effe,
832 1886 910 1927 fine
930 1889 1046 1942 origi-

259 1946 338 1988 nali
351 1946 472 2002 culpa.
534 1945 848 2001 Turcaedenique
876 1950 938 1994 (ut
953 1943 1043 1985 alibi

259 2005 454 2046 retulimus
471 2011 481 2054 )
514 2004 809 2045 Machometem
847 2002 954 2044 suum
991 2003 1042 2044 se-

260 2078 446 2118 quuntur,
467 2064 500 2101 in
510 2062 672 2102 Alcorano
686 2062 770 2103 haec
792 2062 1040 2103 scribentem:

261 2122 385 2161 NulIm
403 2122 443 2179 est
463 2137 505 2160 ex
529 2120 641 2160 Adam
659 2150 671 2167 ,
710 2121 785 2177 quin
808 2121 942 2160 tenuerit
975 2136 1044 2159 eum

249 2180 371 2236 sathan
392 2210 401 2226 ‚
429 2192 542 2235 prater
564 2180 797 2234 MARIAM
811 2208 821 2224 ‚
855 2188 893 2220 &⁴
920 2179 1045 2217 Filium

261 2241 340 2294 ejus.
401 2238 464 2279 [lbi
477 2236 556 2293 fient
574 2251 666 2293 ergo
689 2237 740 2286 (fi
755 2236 884 2277 denuo
906 2252 1048 2290 quaere-

262 2312 301 2338 re
332 2313 378 2337 ex
409 2299 468 2337 Te
494 2295 631 2345 liceat)
677 2299 799 2351 Virgo
812 2295 1021 2336 Beatiffima
1038 2325 1047 2340 ,

262 2355 465 2396 mulierum
494 2353 725 2394 feliciffima!
756 2354 810 2410 qui
845 2352 893 2393 Te
922 2353 1048 2408 accufie-

264 2414 379 2453 bant?
409 2429 496 2453 nemo
518 2413 566 2451 7}
588 2410 811 2452 condemnavit
830 2412 855 2450 ,Ρ
880 2410 1050 2467 dumque

265 2471 467 2528 respondes
493 2488 501 2508 :
547 2486 635 2510 nemo
657 2499 668 2515 ,
699 2470 802 2510 aliud
831 2470 928 2510 mihi
968 2485 1051 2512 non

266 2528 426 2586 superest
446 2558 457 2575 ,
487 2528 555 2569 nisi
580 2529 708 2569 dicere
737 2544 745 2566 z
777 2544 831 2568 nec
855 2543 909 2584 ego
927 2541 957 2567 te
980 2544 1050 2568 con-

268 2588 420 2627 demnabo
442 2617 452 2633 ,
483 2586 545 2627 sed
564 2587 612 2627 ad
636 2586 815 2627 ultimum
832 2588 947 2640 usque
967 2593 1054 2628 vitae

270 2646 431 2687 halitum
442 2675 452 2692 ,
470 2644 757 2685 immaculatam
768 2648 896 2685 Tuam
909 2659 1058 2703 concep

271 2708 419 2745 tionem
461 2719 532 2760 pro
545 2703 685 2744 viribus
707 2702 970 2760 propugnabO.

446 2802 481 2850 §.
503 2802 552 2846 2.
596 2789 890 2844 Authoritas.

268 2887 562 2952 Theophanes
586 2891 819 2937 NICaenVs
837 2923 852 2945 ‚
884 2893 1057 2950 eraM

556 2961 765 3007 DlCenS.

280 3062 303 3082 μ
336 3037 487 3093 Invenisti
528 3040 674 3104 gratiam
717 3040 805 3097 apud
845 3041 929 3079 DE
937 3041 1026 3079 HM
1048 3066 1059 3083 ‚

335 3113 430 3153 quam
453 3100 577 3138 invenn
610 3098 695 3138 nulla
723 3099 790 3138 alia
821 3099 972 3155 quaepiam
987 3126 997 3143 ,
1036 3101 1062 3135 0

339 3155 622 3211 Immaculaeiffima
639 3157 651 3194 .‘
684 3154 767 3196 Tibi
779 3158 890 3212 gratia
907 3157 946 3207 est
972 3154 1063 3215 data,

641 99 733 160 De
755 97 1045 176 Concepta
1067 95 1220 155 Sacra
1239 91 1492 170 Deipara.

1140 193 1167 228 Ο
1194 190 1228 227 D
1243 190 1277 226 E
1292 186 1498 226 IGenitrix!
1529 184 1616 225 Tibi
1637 183 1736 223 omnis
1751 199 1871 224 creatu-

1140 263 1178 286 ra
1200 247 1319 285 clamat
1346 259 1354 282 ε
1386 251 1412 284 0
1452 241 1533 283 DE
1543 247 1571 283 I
1604 242 1789 297 Nympha!
1821 244 1873 282 Ίὶι

1138 306 1221 343 enim
1223 304 1293 358 sbla
1308 306 1428 342 Macer
1448 302 1538 357 Filij
1551 301 1712 359 praeelefla
1732 318 1763 340 es
1777 313 1870 357 pura.

1145 365 1190 402 In
1204 365 1348 416 Hymn.
1369 364 1547 402 Annunc.
1572 364 1611 400 B.
1626 363 1673 399 V,

1088 439 1115 461 2.
1151 426 1177 459 0
1199 421 1305 476 Virgo
1328 445 1338 462 ‚
1369 420 1586 475 omnipotenttls
1611 415 1743 469 artificth
1763 444 1775 460 ‚
1803 415 1872 470 Spi-

1143 479 1238 522 ritas,
1266 479 1463 533 agricultura
1485 506 1494 522 ‚
1525 493 1584 532 quo
1603 487 1712 530 corpus
1738 475 1872 511 Domino

1144 536 1361 590 universbrum
1386 535 1580 589 sruffificcisti
1600 564 1609 579 ,
1641 535 1674 571 in
1703 532 1767 588 quaA
1800 547 1872 570 con—

1143 593 1311 633 demnavit
1346 605 1510 650 peccatum
1541 594 1632 633 Orbz'e
1653 619 1663 635 ,
1706 598 1744 632 <9-
1766 591 1874 629 ‘vitam

1135 652 1339 708 santificavit
1358 664 1540 708 perennem.
1605 653 1647 691 In
1672 647 1787 688 Salut.
1824 647 1873 688 ad

1145 714 1186 754 Β.
1199 713 1302 765 Virg.

1087 780 1117 819 3.
1150 769 1252 808 Salve
1276 769 1288 806 .'
1307 779 1367 823 per
1398 782 1493 823 quam
1505 765 1618 821 summ
1642 765 1876 804 latitiam-con-

1132 826 1233 881 secuti
1242 825 1475 882 sempiternam.
1533 824 1633 864 Salve
1657 826 1670 862 .'
1704 824 1876 879 quaefiistu-

1141 885 1202 937 listi
1224 884 1381 938 tristitiam
1403 885 1512 926 E'vae,
1538 883 1662 939 unaque
1676 881 1875 937 dejeflionem

1140 942 1266 982 Adami
1292 944 1325 982 in
1344 942 1476 981 hilarem
1496 941 1598 997 plan&
1622 940 1750 980 ‘vultum
1769 942 1874 981 muta*-

1127 1002 1185 1055 sti.
1217 1003 1272 1041 Ex
1284 1002 1455 1041 Menaeis.
1478 1013 1509 1051 9.
1527 1004 1611 1050 Jan.
1624 999 1713 1040 Ode
1723 1003 1753 1040 8.

1087 1073 1126 1111 4.
1154 1059 1372 1099 Immaculata
1390 1087 1401 1104 ,
1441 1066 1478 1100 ώ-
1501 1058 1641 1096 omnium
1661 1058 1874 1113 Sacratzffimae

1152 1119 1283 1174 Virgini
1294 1119 1345 1157 M
1353 1119 1395 1155 A
1403 1118 1470 1173 RI
1477 1118 1523 1154 ΑΞ
1538 1116 1876 1171 acclamationesausta'

1137 1176 1361 1233 plaudamus-3
1391 1190 1467 1214 nam
1485 1190 1527 1213 ex
1550 1174 1620 1231 ipsa
1644 1174 1795 1214 donorum
1818 1191 1874 1214 no-

1145 1233 1194 1274 bis
1210 1235 1376 1287 Coelestium
1397 1260 1409 1278 ‚
1436 1248 1502 1289 qua
1534 1248 1668 1273 mentem
1700 1233 1874 1273 humanam

1145 1291 1302 1332 excedunt
1319 1321 1330 1338 ,
1350 1291 1514 1347 fiaturigo
1543 1303 1718 1347 promanat
1737 1320 1746 1337 ,
1797 1306 1834 1331 ut
1861 1318 1874 1335 ‚

1145 1366 1212 1407 quae
1231 1352 1271 1404 est
1303 1364 1425 1390 torrens
1444 1348 1572 1407 quidam
1598 1349 1748 1389 bonitatis
1773 1351 1876 1390 Divi-

1145 1425 1203 1449 nae.
1232 1425 1285 1462 17.
1302 1414 1385 1460 Jan.
1401 1409 1492 1450 Ode
1506 1423 1544 1460 7.

1090 1481 1118 1519 5.
1145 1469 1193 1506 'D
1214 1472 1241 1507 0
1260 1469 1363 1524 Virgo
1384 1469 1505 1507 Mater
1525 1466 1538 1504 .'
1562 1463 1781 1521 praeviderunt
1796 1467 1879 1505 Pro-

1139 1526 1263 1582 phetae,
1290 1539 1442 1581 tanquam
1469 1526 1604 1564 'Thmum
1621 1522 1775 1580 quendam
1791 1553 1801 1569 ,
1822 1524 1880 1579 jeu

1146 1583 1263 1624 librum
1303 1584 1402 1640 plane¹
1441 1583 1668 1623 intaminatum
1700 1610 1710 1628 ‚
1755 1583 1788 1621 in
1820 1599 1880 1639 quo

1148 1641 1350 1699 confiriptum
1384 1640 1454 1697 effit
1481 1639 1620 1680 Verbum
1663 1641 1824 1680 Divinum
1867 1667 1879 1683 ‚

1148 1703 1239 1756 cujus
1275 1700 1441 1741 Divinitas
1468 1697 1733 1753 incircumsiripta
1764 1700 1817 1738 exi
1842 1700 1877 1738 it.

1149 1774 1204 1812 25,
1224 1763 1309 1810 Jan.
1333 1757 1423 1799 Ode
1436 1763 1469 1799 6.

1095 1823 1128 1859 6.
1160 1822 1188 1857 0
1218 1818 1240 1855 εὶ
1265 1817 1381 1856 cunila
1414 1813 1563 1871 sordibm·
1597 1812 1848 1854 incontaminata
1870 1838 1882 1855 ι

1149 1883 1189 1919 ά·
1202 1874 1299 1932 fiper
1339 1890 1446 1914 omnes
1471 1872 1647 1929 inculpatos
1679 1871 1882 1929 inculpatiffi-

1148 1950 1202 1973 ma
1224 1933 1368 1972 Domina
1382 1933 1396 1971 Ι
1433 1933 1585 1989 antiquus
1616 1930 1666 1970 ille
1699 1929 1820 1970 dierum
1851 1930 1885 1968 in

1138 1991 1373 2048 fhnilificatum
1388 2004 1511 2031 uterum
1535 2004 1636 2036 tuum,
1654 2002 1812 2045 tanquam
1830 1989 1890 2027 im-

1151 2050 1205 2090 ber
1226 2049 1380 2107 defiendit
1402 2051 1436 2089 in
1461 2049 1565 2090 vellus
1588 2064 1600 2087 ε
1637 2050 1772 2102 moxq‘ue
1788 2058 1888 2102 appa-

1151 2109 1219 2151 ruit
1252 2121 1358 2148 novus
1379 2137 1390 2153 ,
1436 2109 1528 2148 velue
1554 2119 1659 2146 novus
1676 2105 1791 2145 Adam
1811 2133 1820 2150 ‚
1850 2113 1888 2146 ἴα·

1153 2181 1278 2207 amator
1293 2166 1398 2223 gentis
1419 2166 1572 2206 humanae.
1609 2179 1662 2216 23.
1676 2164 1782 2205 Febr.
1799 2177 1888 2203 ante

1156 2229 1236 2266 init.
1250 2225 1358 2266 Odes
1381 2239 1422 2275 4.

1327 2349 1365 2400 §.
1391 2350 1428 2408 3.
1468 2337 1649 2398 antio.

1136 2434 1310 2480 ACtore
1342 2433 1435 2477 nIL
1465 2426 1820 2476 DeMonstrante
1839 2464 1854 2488 ,

1293 2505 1367 2549 TV
1400 2497 1692 2547 absoLVerIs.

1107 2590 1380 2689 DAmnari
1405 2588 1539 2640 nequit
1553 2614 1563 2630 ‚
1592 2583 1659 2624 nifi
1678 2597 1741 2623 aut
1758 2585 1892 2623 convi-

1250 2648 1349 2691 etus,
1378 2659 1442 2685 aut
1457 2640 1792 2700 spont‘econfesshs.
1821 2655 1891 2698 cap.

1103 2706 1208 2760 primo
1229 2720 1258 2743 2.
1297 2720 1326 2761 q.
1338 2721 1365 2742 J.
1391 2706 1421 2742 C.
1451 2702 1489 2741 de
1509 2700 1642 2740 cohabit.
1666 2700 1772 2739 cleric.
1799 2700 1891 2739 hinc

1105 2763 1212 2815 juxta
1242 2764 1283 2802 L.
1302 2762 1357 2818 qui
1378 2760 1520 2815 accusare
1538 2773 1578 2809 4.
1596 2760 1641 2799 C.
1655 2758 1703 2797 de
1723 2757 1832 2798 eden.
1847 2761 1891 2799 L.

1102 2821 1245 2860 aelorum
1265 2837 1281 2859 2
1285 2835 1315 2870 3.
1331 2821 1376 2860 C.
1390 2819 1437 2857 de
1450 2817 1594 2873 probat.
1621 2818 1737 2855 Affore
1748 2832 1808 2855 non
1813 2828 1891 2872 pro-

1106 2878 1221 2922 bante,
1251 2893 1324 2917 reus
1349 2876 1556 2931 abfhlvitum
1603 2872 1778 2925 affirmanti
1810 2876 1891 2913 enim

1108 2935 1258 2975 incumbit
1271 2934 1416 2991 probatio
1438 2963 1449 2980 ‚
1480 2949 1541 2972 non
1564 2934 1705 2989 neganti,
1765 2932 1892 2973 Malus

1109 3009 1190 3034 non
1201 2991 1453 3049 praesumitur,
1484 2991 1545 3031 sed
1568 2991 1758 3050 probatur.
1819 2990 1892 3031 Sed

1109 3056 1223 3092 Beata
1245 3055 1366 3107 Virgo
1392 3066 1464 3090 nec
1492 3049 1561 3090 fuit
1581 3047 1748 3090 confessa
1764 3077 1774 3093 ,
1820 3063 1892 3088 nec

1111 3110 1269 3167 probata
1281 3138 1290 3154 ,
1306 3124 1378 3149 nec
1394 3110 1570 3150 convieta
1586 3108 1633 3148 de
1645 3120 1804 3164 peccato
1819 3111 1893 3146 ori-

1113 3167 1241 3224 ginali.
1302 3167 1588 3224 Ergodamnari
1604 3168 1756 3220 nequit,
1787 3165 1893 3217 quod

1789 3222 1868 3263 ullo

1915 2474 2047 2543 647.
