<?xml version="1.0" encoding="UTF-8"?>
<!DOCTYPE html PUBLIC "-//W3C//DTD XHTML 1.0 Transitional//EN"
    "http://www.w3.org/TR/xhtml1/DTD/xhtml1-transitional.dtd">
<html xmlns="http://www.w3.org/1999/xhtml" xml:lang="en" lang="en">
 <head>
  <title>
</title>
<meta http-equiv="Content-Type" content="text/html;charset=utf-8" />
  <meta name='ocr-system' content='tesseract 3.04.00' />
  <meta name='ocr-capabilities' content='ocr_page ocr_carea ocr_par ocr_line ocrx_word'/>
</head>
<body>
  <div class='ocr_page' id='page_1' title='image "./conceptvschronog00zoll_0270.png"; bbox 0 0 2164 3413; ppageno 0'>
   <div class='ocr_carea' id='block_1_1' title="bbox 156 375 287 432">
    <p class='ocr_par' dir='ltr' id='par_1_1' title="bbox 156 375 287 432">
     <span class='ocr_line' id='line_1_1' title="bbox 156 375 287 432; baseline 0.008 -1"><span class='ocrx_word' id='word_1_1' title='bbox 156 375 231 431; x_wconf 91' lang='lat'>47</span> <span class='ocrx_word' id='word_1_2' title='bbox 234 375 287 432; x_wconf 88' lang='lat'>9·</span> 
     </span>
    </p>
   </div>
   <div class='ocr_carea' id='block_1_2' title="bbox 370 111 468 182">
    <p class='ocr_par' dir='ltr' id='par_1_2' title="bbox 370 111 468 182">
     <span class='ocr_line' id='line_1_2' title="bbox 370 111 468 182; baseline -0.031 -14"><span class='ocrx_word' id='word_1_3' title='bbox 370 111 468 182; x_wconf 85' lang='lat'>236</span> 
     </span>
    </p>
   </div>
   <div class='ocr_carea' id='block_1_3' title="bbox 555 234 874 303">
    <p class='ocr_par' dir='ltr' id='par_1_3' title="bbox 555 234 874 303">
     <span class='ocr_line' id='line_1_3' title="bbox 555 234 874 303; baseline -0.009 -16"><span class='ocrx_word' id='word_1_4' title='bbox 555 242 594 294; x_wconf 62' lang='grc' dir='ltr'>ς.</span> <span class='ocrx_word' id='word_1_5' title='bbox 620 244 660 303; x_wconf 82' lang='lat'>3.</span> <span class='ocrx_word' id='word_1_6' title='bbox 691 234 874 294; x_wconf 62' lang='lat' dir='ltr'>Ratio.</span> 
     </span>
    </p>
   </div>
   <div class='ocr_carea' id='block_1_4' title="bbox 362 342 1075 529">
    <p class='ocr_par' dir='ltr' id='par_1_4' title="bbox 362 342 1075 529">
     <span class='ocr_line' id='line_1_4' title="bbox 362 342 1075 402; baseline 0 -15"><span class='ocrx_word' id='word_1_7' title='bbox 362 343 618 392; x_wconf 80' lang='lat' dir='ltr'>BenefICIa</span> <span class='ocrx_word' id='word_1_8' title='bbox 677 343 921 402; x_wconf 82' lang='lat' dir='ltr'>PrInCIpIs</span> <span class='ocrx_word' id='word_1_9' title='bbox 954 374 970 393; x_wconf 92' lang='lat'>,</span> <span class='ocrx_word' id='word_1_10' title='bbox 1022 342 1075 387; x_wconf 91' lang='lat' dir='ltr'>In</span> 
     </span>
     <span class='ocr_line' id='line_1_5' title="bbox 474 414 973 472; baseline -0.012 -11"><span class='ocrx_word' id='word_1_11' title='bbox 474 414 697 461; x_wconf 80' lang='lat' dir='ltr'>favoreM</span> <span class='ocrx_word' id='word_1_12' title='bbox 748 415 973 472; x_wconf 83' lang='lat' dir='ltr'>Interpre-</span> 
     </span>
     <span class='ocr_line' id='line_1_6' title="bbox 641 485 807 529; baseline -0.018 0"><span class='ocrx_word' id='word_1_13' title='bbox 641 485 807 529; x_wconf 83' lang='lat' dir='ltr'>tanDa.</span> 
     </span>
    </p>
   </div>
   <div class='ocr_carea' id='block_1_5' title="bbox 300 580 1118 2854">
    <p class='ocr_par' dir='ltr' id='par_1_5' title="bbox 300 580 1118 2737">
     <span class='ocr_line' id='line_1_7' title="bbox 372 580 1116 638; baseline -0.005 -14"><span class='ocrx_word' id='word_1_14' title='bbox 372 589 475 625; x_wconf 86' lang='lat' dir='ltr'>uxta</span> <span class='ocrx_word' id='word_1_15' title='bbox 495 587 530 624; x_wconf 87' lang='lat' dir='ltr'>S.</span> <span class='ocrx_word' id='word_1_16' title='bbox 542 581 694 638; x_wconf 85' lang='lat' dir='ltr'>August.</span> <span class='ocrx_word' id='word_1_17' title='bbox 708 584 750 621; x_wconf 91' lang='lat' dir='ltr'>L.</span> <span class='ocrx_word' id='word_1_18' title='bbox 771 580 819 621; x_wconf 86' lang='lat' dir='ltr'>de</span> <span class='ocrx_word' id='word_1_19' title='bbox 831 582 923 621; x_wconf 88' lang='lat' dir='ltr'>Nat.</span> <span class='ocrx_word' id='word_1_20' title='bbox 951 585 992 622; x_wconf 65' lang='grc' dir='ltr'>ὃς</span> <span class='ocrx_word' id='word_1_21' title='bbox 1006 581 1116 621; x_wconf 86' lang='lat' dir='ltr'>Grat.</span> 
     </span>
     <span class='ocr_line' id='line_1_8' title="bbox 324 586 1117 701; baseline -0.005 -20"><span class='ocrx_word' id='word_1_22' title='bbox 324 586 366 701; x_wconf 78' lang='lat' dir='ltr'>J</span> <span class='ocrx_word' id='word_1_23' title='bbox 397 644 432 681; x_wconf 88' lang='lat' dir='ltr'><em>D</em></span> <span class='ocrx_word' id='word_1_24' title='bbox 447 644 484 680; x_wconf 84' lang='lat' dir='ltr'><em>E</em></span> <span class='ocrx_word' id='word_1_25' title='bbox 504 649 536 680; x_wconf 78' lang='grc' dir='ltr'>[λ</span> <span class='ocrx_word' id='word_1_26' title='bbox 556 645 581 680; x_wconf 87' lang='lat' dir='ltr'><em>S</em></span> <span class='ocrx_word' id='word_1_27' title='bbox 609 643 718 679; x_wconf 70' lang='lat' dir='ltr'>Beatae</span> <span class='ocrx_word' id='word_1_28' title='bbox 743 639 873 695; x_wconf 81' lang='lat' dir='ltr'><em>Virgini</em></span> <span class='ocrx_word' id='word_1_29' title='bbox 894 637 1026 678; x_wconf 54' lang='lat' dir='ltr'>contuli&amp;</span> <span class='ocrx_word' id='word_1_30' title='bbox 1043 639 1117 695; x_wconf 84' lang='lat' dir='ltr'>pri-</span> 
     </span>
     <span class='ocr_line' id='line_1_9' title="bbox 325 697 1115 756; baseline -0.005 -17"><span class='ocrx_word' id='word_1_31' title='bbox 325 700 478 756; x_wconf 66' lang='lat' dir='ltr'>vilegium</span> <span class='ocrx_word' id='word_1_32' title='bbox 508 728 519 744; x_wconf 90' lang='lat'>‚</span> <span class='ocrx_word' id='word_1_33' title='bbox 549 697 723 755; x_wconf 71' lang='lat' dir='ltr'>ficperandi</span> <span class='ocrx_word' id='word_1_34' title='bbox 744 714 786 737; x_wconf 87' lang='lat' dir='ltr'>ex</span> <span class='ocrx_word' id='word_1_35' title='bbox 821 697 906 736; x_wconf 66' lang='lat' dir='ltr'>omni*</span> <span class='ocrx_word' id='word_1_36' title='bbox 928 709 1024 753; x_wconf 80' lang='lat' dir='ltr'>parte</span> <span class='ocrx_word' id='word_1_37' title='bbox 1041 709 1115 753; x_wconf 83' lang='lat' dir='ltr'>pec-</span> 
     </span>
     <span class='ocr_line' id='line_1_10' title="bbox 322 755 1114 813; baseline -0.003 -16"><span class='ocrx_word' id='word_1_38' title='bbox 322 773 440 798; x_wconf 82' lang='lat' dir='ltr'>catum.</span> <span class='ocrx_word' id='word_1_39' title='bbox 498 757 601 813; x_wconf 81' lang='lat' dir='ltr'>Ergo</span> <span class='ocrx_word' id='word_1_40' title='bbox 634 757 683 797; x_wconf 90' lang='lat' dir='ltr'>de</span> <span class='ocrx_word' id='word_1_41' title='bbox 702 770 834 796; x_wconf 89' lang='lat' dir='ltr'>mente</span> <span class='ocrx_word' id='word_1_42' title='bbox 867 759 899 797; x_wconf 83' lang='lat' dir='ltr'>S.</span> <span class='ocrx_word' id='word_1_43' title='bbox 914 755 1114 811; x_wconf 88' lang='lat' dir='ltr'>Augustini</span> 
     </span>
     <span class='ocr_line' id='line_1_11' title="bbox 320 812 1118 871; baseline -0.004 -15"><span class='ocrx_word' id='word_1_44' title='bbox 320 816 395 862; x_wconf 90' lang='lat' dir='ltr'>est,</span> <span class='ocrx_word' id='word_1_45' title='bbox 426 819 585 857; x_wconf 86' lang='lat' dir='ltr'>Beatam</span> <span class='ocrx_word' id='word_1_46' title='bbox 615 818 817 871; x_wconf 84' lang='lat' dir='ltr'>Virginem</span> <span class='ocrx_word' id='word_1_47' title='bbox 843 812 947 854; x_wconf 78' lang='lat' dir='ltr'>fuisse</span> <span class='ocrx_word' id='word_1_48' title='bbox 976 816 1118 853; x_wconf 90' lang='lat' dir='ltr'>immu-</span> 
     </span>
     <span class='ocr_line' id='line_1_12' title="bbox 321 871 1116 931; baseline -0.005 -16"><span class='ocrx_word' id='word_1_49' title='bbox 321 879 465 916; x_wconf 87' lang='lat' dir='ltr'>nemin</span> <span class='ocrx_word' id='word_1_50' title='bbox 488 877 615 931; x_wconf 89' lang='lat' dir='ltr'>primo</span> <span class='ocrx_word' id='word_1_51' title='bbox 624 873 780 914; x_wconf 90' lang='lat' dir='ltr'>instanti</span> <span class='ocrx_word' id='word_1_52' title='bbox 796 871 865 915; x_wconf 75' lang='lat' dir='ltr'>suae</span> <span class='ocrx_word' id='word_1_53' title='bbox 876 875 1116 927; x_wconf 88' lang='lat' dir='ltr'>Conceptio-</span> 
     </span>
     <span class='ocr_line' id='line_1_13' title="bbox 320 930 1114 989; baseline -0.004 -16"><span class='ocrx_word' id='word_1_54' title='bbox 320 937 378 973; x_wconf 87' lang='lat' dir='ltr'>nis</span> <span class='ocrx_word' id='word_1_55' title='bbox 396 932 417 973; x_wconf 73' lang='lat' dir='ltr'>a</span> <span class='ocrx_word' id='word_1_56' title='bbox 429 946 589 989; x_wconf 89' lang='lat' dir='ltr'>peccato</span> <span class='ocrx_word' id='word_1_57' title='bbox 604 930 791 988; x_wconf 76' lang='lat' dir='ltr'>originali.</span> <span class='ocrx_word' id='word_1_58' title='bbox 823 930 990 984; x_wconf 66' lang='lat' dir='ltr'>Constq.</span> <span class='ocrx_word' id='word_1_59' title='bbox 1003 930 1114 971; x_wconf 89' lang='lat' dir='ltr'>Prob.</span> 
     </span>
     <span class='ocr_line' id='line_1_14' title="bbox 319 990 1114 1048; baseline -0.008 -15"><span class='ocrx_word' id='word_1_60' title='bbox 319 992 569 1048; x_wconf 88' lang='lat' dir='ltr'>Privilegium</span> <span class='ocrx_word' id='word_1_61' title='bbox 595 990 794 1046; x_wconf 85' lang='lat' dir='ltr'>superandi</span> <span class='ocrx_word' id='word_1_62' title='bbox 836 1002 1037 1044; x_wconf 86' lang='lat' dir='ltr'>peccatum</span> <span class='ocrx_word' id='word_1_63' title='bbox 1066 1004 1114 1029; x_wconf 85' lang='lat' dir='ltr'>ex</span> 
     </span>
     <span class='ocr_line' id='line_1_15' title="bbox 320 1046 1113 1106; baseline -0.008 -15"><span class='ocrx_word' id='word_1_64' title='bbox 320 1048 433 1091; x_wconf 74' lang='lat' dir='ltr'>omni</span> <span class='ocrx_word' id='word_1_65' title='bbox 464 1063 569 1106; x_wconf 87' lang='lat' dir='ltr'>parte</span> <span class='ocrx_word' id='word_1_66' title='bbox 591 1077 603 1095; x_wconf 92' lang='lat'>,</span> <span class='ocrx_word' id='word_1_67' title='bbox 633 1062 676 1089; x_wconf 92' lang='lat' dir='ltr'>ut</span> <span class='ocrx_word' id='word_1_68' title='bbox 705 1048 748 1088; x_wconf 84' lang='lat' dir='ltr'>fit</span> <span class='ocrx_word' id='word_1_69' title='bbox 780 1046 962 1087; x_wconf 81' lang='lat' dir='ltr'>latiflimae</span> <span class='ocrx_word' id='word_1_70' title='bbox 995 1050 1113 1086; x_wconf 90' lang='lat' dir='ltr'>inter-</span> 
     </span>
     <span class='ocr_line' id='line_1_16' title="bbox 318 1108 1110 1166; baseline -0.008 -17"><span class='ocrx_word' id='word_1_71' title='bbox 318 1111 546 1166; x_wconf 89' lang='lat' dir='ltr'>pretationis</span> <span class='ocrx_word' id='word_1_72' title='bbox 567 1136 579 1153; x_wconf 85' lang='lat'>,</span> <span class='ocrx_word' id='word_1_73' title='bbox 624 1108 864 1162; x_wconf 88' lang='lat' dir='ltr'>interpretari</span> <span class='ocrx_word' id='word_1_74' title='bbox 908 1116 992 1144; x_wconf 81' lang='lat' dir='ltr'>non</span> <span class='ocrx_word' id='word_1_75' title='bbox 1026 1118 1110 1144; x_wconf 89' lang='lat' dir='ltr'>tan-</span> 
     </span>
     <span class='ocr_line' id='line_1_17' title="bbox 319 1162 1109 1221; baseline -0.005 -14"><span class='ocrx_word' id='word_1_76' title='bbox 319 1170 404 1208; x_wconf 75' lang='lat' dir='ltr'>tum</span> <span class='ocrx_word' id='word_1_77' title='bbox 427 1165 544 1207; x_wconf 88' lang='lat' dir='ltr'>debet</span> <span class='ocrx_word' id='word_1_78' title='bbox 573 1165 622 1205; x_wconf 90' lang='lat' dir='ltr'>de</span> <span class='ocrx_word' id='word_1_79' title='bbox 653 1177 815 1221; x_wconf 86' lang='lat' dir='ltr'>peccato</span> <span class='ocrx_word' id='word_1_80' title='bbox 847 1162 984 1203; x_wconf 67' lang='lat' dir='ltr'>actuali</span> <span class='ocrx_word' id='word_1_81' title='bbox 1004 1190 1016 1208; x_wconf 86' lang='lat'>,</span> <span class='ocrx_word' id='word_1_82' title='bbox 1047 1162 1109 1204; x_wconf 91' lang='lat' dir='ltr'>vel</span> 
     </span>
     <span class='ocr_line' id='line_1_18' title="bbox 317 1221 1109 1277; baseline -0.008 -11"><span class='ocrx_word' id='word_1_83' title='bbox 317 1239 398 1266; x_wconf 89' lang='lat' dir='ltr'>uno</span> <span class='ocrx_word' id='word_1_84' title='bbox 412 1250 425 1268; x_wconf 81' lang='lat'>‚</span> <span class='ocrx_word' id='word_1_85' title='bbox 455 1222 519 1264; x_wconf 91' lang='lat' dir='ltr'>vel</span> <span class='ocrx_word' id='word_1_86' title='bbox 541 1222 662 1264; x_wconf 88' lang='lat' dir='ltr'>altero</span> <span class='ocrx_word' id='word_1_87' title='bbox 697 1225 784 1263; x_wconf 85' lang='lat' dir='ltr'>vitae</span> <span class='ocrx_word' id='word_1_88' title='bbox 808 1235 983 1277; x_wconf 91' lang='lat' dir='ltr'>tempore</span> <span class='ocrx_word' id='word_1_89' title='bbox 1002 1249 1014 1266; x_wconf 89' lang='lat'>,</span> <span class='ocrx_word' id='word_1_90' title='bbox 1045 1221 1109 1261; x_wconf 91' lang='lat' dir='ltr'>sed</span> 
     </span>
     <span class='ocr_line' id='line_1_19' title="bbox 315 1277 1107 1338; baseline -0.008 -14"><span class='ocrx_word' id='word_1_91' title='bbox 315 1284 366 1324; x_wconf 92' lang='lat' dir='ltr'>de</span> <span class='ocrx_word' id='word_1_92' title='bbox 383 1285 495 1324; x_wconf 89' lang='lat' dir='ltr'>omni</span> <span class='ocrx_word' id='word_1_93' title='bbox 516 1295 681 1338; x_wconf 86' lang='lat' dir='ltr'>peccato</span> <span class='ocrx_word' id='word_1_94' title='bbox 701 1283 819 1321; x_wconf 90' lang='lat' dir='ltr'>etiam</span> <span class='ocrx_word' id='word_1_95' title='bbox 831 1277 1010 1336; x_wconf 68' lang='lat' dir='ltr'>originali</span> <span class='ocrx_word' id='word_1_96' title='bbox 1025 1307 1035 1324; x_wconf 93' lang='lat'><em>‚</em></span> <span class='ocrx_word' id='word_1_97' title='bbox 1066 1285 1107 1321; x_wconf 68' lang='grc' dir='ltr'>ὃς</span> 
     </span>
     <span class='ocr_line' id='line_1_20' title="bbox 315 1338 1107 1394; baseline -0.006 -12"><span class='ocrx_word' id='word_1_98' title='bbox 315 1342 365 1382; x_wconf 92' lang='lat' dir='ltr'>de</span> <span class='ocrx_word' id='word_1_99' title='bbox 399 1338 511 1382; x_wconf 75' lang='lat' dir='ltr'>omni</span> <span class='ocrx_word' id='word_1_100' title='bbox 552 1338 731 1385; x_wconf 75' lang='lat' dir='ltr'>instanti,</span> <span class='ocrx_word' id='word_1_101' title='bbox 778 1341 896 1379; x_wconf 87' lang='lat' dir='ltr'>etiam</span> <span class='ocrx_word' id='word_1_102' title='bbox 938 1353 1107 1394; x_wconf 89' lang='lat' dir='ltr'>concep-</span> 
     </span>
     <span class='ocr_line' id='line_1_21' title="bbox 316 1396 1104 1454; baseline -0.006 -13"><span class='ocrx_word' id='word_1_103' title='bbox 316 1402 433 1441; x_wconf 87' lang='lat' dir='ltr'>tionis</span> <span class='ocrx_word' id='word_1_104' title='bbox 458 1417 467 1440; x_wconf 92' lang='lat'>:</span> <span class='ocrx_word' id='word_1_105' title='bbox 499 1397 591 1439; x_wconf 72' lang='lat' dir='ltr'>alias</span> <span class='ocrx_word' id='word_1_106' title='bbox 615 1413 663 1438; x_wconf 92' lang='lat' dir='ltr'>eo</span> <span class='ocrx_word' id='word_1_107' title='bbox 683 1396 763 1454; x_wconf 89' lang='lat' dir='ltr'>ipso</span> <span class='ocrx_word' id='word_1_108' title='bbox 782 1397 881 1438; x_wconf 88' lang='lat' dir='ltr'>fierit</span> <span class='ocrx_word' id='word_1_109' title='bbox 901 1396 1082 1437; x_wconf 58' lang='lat' dir='ltr'>restrictio</span> <span class='ocrx_word' id='word_1_110' title='bbox 1093 1425 1104 1443; x_wconf 94' lang='lat'><em>‚</em></span> 
     </span>
     <span class='ocr_line' id='line_1_22' title="bbox 314 1455 1105 1511; baseline -0.008 -10"><span class='ocrx_word' id='word_1_111' title='bbox 314 1458 556 1501; x_wconf 86' lang='lat' dir='ltr'>&amp;limitatio</span> <span class='ocrx_word' id='word_1_112' title='bbox 580 1486 592 1503; x_wconf 92' lang='lat'>,</span> <span class='ocrx_word' id='word_1_113' title='bbox 631 1456 681 1496; x_wconf 88' lang='lat' dir='ltr'>ad</span> <span class='ocrx_word' id='word_1_114' title='bbox 710 1455 868 1510; x_wconf 90' lang='lat' dir='ltr'>aliquod</span> <span class='ocrx_word' id='word_1_115' title='bbox 901 1469 1105 1511; x_wconf 88' lang='lat' dir='ltr'>peccatum</span> 
     </span>
     <span class='ocr_line' id='line_1_23' title="bbox 313 1513 1103 1571; baseline -0.004 -14"><span class='ocrx_word' id='word_1_116' title='bbox 313 1516 375 1560; x_wconf 83' lang='lat' dir='ltr'>vel</span> <span class='ocrx_word' id='word_1_117' title='bbox 398 1531 549 1571; x_wconf 88' lang='lat' dir='ltr'>tempus</span> <span class='ocrx_word' id='word_1_118' title='bbox 579 1518 681 1559; x_wconf 68' lang='lat' dir='ltr'>vitae.</span> <span class='ocrx_word' id='word_1_119' title='bbox 709 1516 826 1568; x_wconf 87' lang='lat' dir='ltr'>Atqui</span> <span class='ocrx_word' id='word_1_120' title='bbox 847 1513 924 1554; x_wconf 93' lang='lat' dir='ltr'>hoc</span> <span class='ocrx_word' id='word_1_121' title='bbox 952 1513 1103 1570; x_wconf 87' lang='lat' dir='ltr'>privile-</span> 
     </span>
     <span class='ocr_line' id='line_1_24' title="bbox 314 1571 1101 1632; baseline -0.005 -17"><span class='ocrx_word' id='word_1_122' title='bbox 314 1578 422 1632; x_wconf 87' lang='lat' dir='ltr'>gium</span> <span class='ocrx_word' id='word_1_123' title='bbox 450 1573 582 1614; x_wconf 80' lang='lat' dir='ltr'>debuit</span> <span class='ocrx_word' id='word_1_124' title='bbox 611 1571 683 1612; x_wconf 76' lang='lat' dir='ltr'>esse</span> <span class='ocrx_word' id='word_1_125' title='bbox 710 1571 891 1613; x_wconf 82' lang='lat' dir='ltr'>latiffimae</span> <span class='ocrx_word' id='word_1_126' title='bbox 916 1576 1101 1628; x_wconf 87' lang='lat' dir='ltr'>interpre-</span> 
     </span>
     <span class='ocr_line' id='line_1_25' title="bbox 313 1630 1100 1687; baseline -0.004 -13"><span class='ocrx_word' id='word_1_127' title='bbox 313 1635 472 1674; x_wconf 80' lang='lat' dir='ltr'>tationis</span> <span class='ocrx_word' id='word_1_128' title='bbox 500 1649 507 1672; x_wconf 91' lang='lat'><strong>:</strong></span> <span class='ocrx_word' id='word_1_129' title='bbox 539 1630 640 1687; x_wconf 78' lang='lat' dir='ltr'>Ergo</span> <span class='ocrx_word' id='word_1_130' title='bbox 665 1645 731 1686; x_wconf 91' lang='lat' dir='ltr'>per</span> <span class='ocrx_word' id='word_1_131' title='bbox 769 1630 846 1671; x_wconf 90' lang='lat' dir='ltr'>hoc</span> <span class='ocrx_word' id='word_1_132' title='bbox 864 1659 877 1677; x_wconf 81' lang='lat'>,</span> <span class='ocrx_word' id='word_1_133' title='bbox 907 1630 1014 1685; x_wconf 78' lang='lat' dir='ltr'>quod</span> <span class='ocrx_word' id='word_1_134' title='bbox 1051 1630 1100 1671; x_wconf 88' lang='lat' dir='ltr'>de</span> 
     </span>
     <span class='ocr_line' id='line_1_26' title="bbox 313 1687 1100 1745; baseline -0.003 -13"><span class='ocrx_word' id='word_1_135' title='bbox 313 1705 446 1732; x_wconf 89' lang='lat' dir='ltr'>mente</span> <span class='ocrx_word' id='word_1_136' title='bbox 490 1688 688 1745; x_wconf 86' lang='lat' dir='ltr'>Augustini</span> <span class='ocrx_word' id='word_1_137' title='bbox 720 1687 858 1735; x_wconf 87' lang='lat' dir='ltr'>fuerit,</span> <span class='ocrx_word' id='word_1_138' title='bbox 888 1691 930 1733; x_wconf 84' lang='grc' dir='ltr'>Β.</span> <span class='ocrx_word' id='word_1_139' title='bbox 948 1691 1100 1744; x_wconf 85' lang='lat' dir='ltr'>Virgini</span> 
     </span>
     <span class='ocr_line' id='line_1_27' title="bbox 313 1745 1101 1803; baseline -0.005 -12"><span class='ocrx_word' id='word_1_140' title='bbox 313 1748 417 1791; x_wconf 84' lang='lat' dir='ltr'>fuiffe</span> <span class='ocrx_word' id='word_1_141' title='bbox 446 1748 633 1790; x_wconf 88' lang='lat' dir='ltr'>collatum</span> <span class='ocrx_word' id='word_1_142' title='bbox 660 1745 903 1803; x_wconf 88' lang='lat' dir='ltr'>privilegium</span> <span class='ocrx_word' id='word_1_143' title='bbox 926 1775 937 1793; x_wconf 92' lang='lat'>,</span> <span class='ocrx_word' id='word_1_144' title='bbox 976 1746 1101 1803; x_wconf 89' lang='lat' dir='ltr'>super-</span> 
     </span>
     <span class='ocr_line' id='line_1_28' title="bbox 313 1804 1100 1864; baseline -0.005 -14"><span class='ocrx_word' id='word_1_145' title='bbox 313 1808 403 1849; x_wconf 86' lang='lat' dir='ltr'>andi</span> <span class='ocrx_word' id='word_1_146' title='bbox 433 1819 636 1864; x_wconf 86' lang='lat' dir='ltr'>peccatum</span> <span class='ocrx_word' id='word_1_147' title='bbox 667 1820 715 1845; x_wconf 85' lang='lat' dir='ltr'>ex</span> <span class='ocrx_word' id='word_1_148' title='bbox 739 1804 852 1846; x_wconf 73' lang='lat' dir='ltr'>omni</span> <span class='ocrx_word' id='word_1_149' title='bbox 887 1818 1018 1862; x_wconf 89' lang='lat' dir='ltr'>parte,</span> <span class='ocrx_word' id='word_1_150' title='bbox 1051 1820 1100 1846; x_wconf 92' lang='lat' dir='ltr'>eo</span> 
     </span>
     <span class='ocr_line' id='line_1_29' title="bbox 312 1862 1100 1923; baseline -0.004 -16"><span class='ocrx_word' id='word_1_151' title='bbox 312 1867 391 1923; x_wconf 89' lang='lat' dir='ltr'>ipso</span> <span class='ocrx_word' id='word_1_152' title='bbox 420 1866 469 1907; x_wconf 90' lang='lat' dir='ltr'>de</span> <span class='ocrx_word' id='word_1_153' title='bbox 492 1867 571 1920; x_wconf 87' lang='lat' dir='ltr'>ejus</span> <span class='ocrx_word' id='word_1_154' title='bbox 592 1877 723 1904; x_wconf 86' lang='lat' dir='ltr'>mente</span> <span class='ocrx_word' id='word_1_155' title='bbox 747 1862 841 1910; x_wconf 91' lang='lat' dir='ltr'>fuit,</span> <span class='ocrx_word' id='word_1_156' title='bbox 870 1878 958 1904; x_wconf 86' lang='lat' dir='ltr'>eam</span> <span class='ocrx_word' id='word_1_157' title='bbox 994 1862 1100 1905; x_wconf 65' lang='lat' dir='ltr'>fuisse</span> 
     </span>
     <span class='ocr_line' id='line_1_30' title="bbox 309 1921 1099 1979; baseline -0.004 -14"><span class='ocrx_word' id='word_1_158' title='bbox 309 1930 524 1965; x_wconf 87' lang='lat' dir='ltr'>immunem</span> <span class='ocrx_word' id='word_1_159' title='bbox 543 1923 566 1963; x_wconf 74' lang='grc' dir='ltr'>ὲ</span> <span class='ocrx_word' id='word_1_160' title='bbox 585 1935 746 1979; x_wconf 89' lang='lat' dir='ltr'>peccato</span> <span class='ocrx_word' id='word_1_161' title='bbox 760 1921 949 1979; x_wconf 71' lang='lat' dir='ltr'>originali,</span> <span class='ocrx_word' id='word_1_162' title='bbox 965 1925 1006 1962; x_wconf 88' lang='lat' dir='ltr'>in</span> <span class='ocrx_word' id='word_1_163' title='bbox 1025 1925 1099 1978; x_wconf 87' lang='lat' dir='ltr'>pri-</span> 
     </span>
     <span class='ocr_line' id='line_1_31' title="bbox 308 1980 1098 2037; baseline -0.004 -12"><span class='ocrx_word' id='word_1_164' title='bbox 308 1999 376 2025; x_wconf 91' lang='lat' dir='ltr'>mo</span> <span class='ocrx_word' id='word_1_165' title='bbox 406 1983 562 2024; x_wconf 88' lang='lat' dir='ltr'>instanti</span> <span class='ocrx_word' id='word_1_166' title='bbox 593 1980 662 2021; x_wconf 86' lang='lat' dir='ltr'>suae</span> <span class='ocrx_word' id='word_1_167' title='bbox 681 1983 973 2037; x_wconf 86' lang='lat' dir='ltr'>Conceptionis.</span> <span class='ocrx_word' id='word_1_168' title='bbox 1003 1982 1098 2036; x_wconf 78' lang='lat' dir='ltr'>Maj:</span> 
     </span>
     <span class='ocr_line' id='line_1_32' title="bbox 310 2039 1096 2098; baseline -0.004 -16"><span class='ocrx_word' id='word_1_169' title='bbox 310 2055 424 2098; x_wconf 90' lang='lat' dir='ltr'>patet.</span> <span class='ocrx_word' id='word_1_170' title='bbox 463 2043 565 2082; x_wconf 90' lang='lat' dir='ltr'>Min.</span> <span class='ocrx_word' id='word_1_171' title='bbox 599 2039 710 2079; x_wconf 87' lang='lat' dir='ltr'>Prob.</span> <span class='ocrx_word' id='word_1_172' title='bbox 768 2039 1023 2085; x_wconf 90' lang='lat' dir='ltr'>Beneficium,</span> <span class='ocrx_word' id='word_1_173' title='bbox 1055 2045 1096 2083; x_wconf 72' lang='grc' dir='ltr'>ὅτ,</span> 
     </span>
     <span class='ocr_line' id='line_1_33' title="bbox 308 2096 1094 2153; baseline -0.004 -12"><span class='ocrx_word' id='word_1_174' title='bbox 308 2099 504 2141; x_wconf 89' lang='lat' dir='ltr'>indultum</span> <span class='ocrx_word' id='word_1_175' title='bbox 524 2100 707 2153; x_wconf 88' lang='lat' dir='ltr'>Principis</span> <span class='ocrx_word' id='word_1_176' title='bbox 725 2096 778 2137; x_wconf 85' lang='lat' dir='ltr'>est</span> <span class='ocrx_word' id='word_1_177' title='bbox 795 2096 966 2138; x_wconf 73' lang='lat' dir='ltr'>latiffime</span> <span class='ocrx_word' id='word_1_178' title='bbox 977 2102 1094 2139; x_wconf 90' lang='lat' dir='ltr'>inter-</span> 
     </span>
     <span class='ocr_line' id='line_1_34' title="bbox 308 2154 1094 2216; baseline -0.003 -17"><span class='ocrx_word' id='word_1_179' title='bbox 308 2157 550 2216; x_wconf 87' lang='lat' dir='ltr'>pretandum.</span> <span class='ocrx_word' id='word_1_180' title='bbox 599 2158 641 2194; x_wconf 91' lang='lat' dir='ltr'>L.</span> <span class='ocrx_word' id='word_1_181' title='bbox 655 2154 687 2209; x_wconf 86' lang='lat' dir='ltr'><em>fi</em></span> <span class='ocrx_word' id='word_1_182' title='bbox 714 2154 839 2210; x_wconf 84' lang='lat' dir='ltr'>quando</span> <span class='ocrx_word' id='word_1_183' title='bbox 879 2159 909 2196; x_wconf 84' lang='lat' dir='ltr'>C.</span> <span class='ocrx_word' id='word_1_184' title='bbox 934 2155 973 2196; x_wconf 82' lang='lat' dir='ltr'>de</span> <span class='ocrx_word' id='word_1_185' title='bbox 1005 2155 1094 2197; x_wconf 66' lang='lat' dir='ltr'>bonis</span> 
     </span>
     <span class='ocr_line' id='line_1_35' title="bbox 305 2211 1095 2259; baseline -0.005 -1"><span class='ocrx_word' id='word_1_186' title='bbox 305 2231 422 2258; x_wconf 61' lang='lat' dir='ltr'>vacan.</span> <span class='ocrx_word' id='word_1_187' title='bbox 453 2223 492 2259; x_wconf 75' lang='grc'>(9·</span> <span class='ocrx_word' id='word_1_188' title='bbox 506 2213 595 2255; x_wconf 86' lang='lat' dir='ltr'>alibi.</span> <span class='ocrx_word' id='word_1_189' title='bbox 625 2211 794 2253; x_wconf 74' lang='lat' dir='ltr'>maxime</span> <span class='ocrx_word' id='word_1_190' title='bbox 815 2227 946 2254; x_wconf 87' lang='lat' dir='ltr'>autem</span> <span class='ocrx_word' id='word_1_191' title='bbox 961 2214 1009 2254; x_wconf 93' lang='lat' dir='ltr'>de</span> <span class='ocrx_word' id='word_1_192' title='bbox 1028 2214 1095 2255; x_wconf 90' lang='lat' dir='ltr'>be-</span> 
     </span>
     <span class='ocr_line' id='line_1_36' title="bbox 305 2271 1093 2330; baseline -0.005 -14"><span class='ocrx_word' id='word_1_193' title='bbox 305 2276 445 2316; x_wconf 85' lang='lat' dir='ltr'>neficio</span> <span class='ocrx_word' id='word_1_194' title='bbox 481 2272 585 2330; x_wconf 84' lang='lat' dir='ltr'>larga</span> <span class='ocrx_word' id='word_1_195' title='bbox 609 2271 663 2312; x_wconf 90' lang='lat' dir='ltr'>est</span> <span class='ocrx_word' id='word_1_196' title='bbox 686 2275 950 2327; x_wconf 83' lang='lat' dir='ltr'>interpretatio</span> <span class='ocrx_word' id='word_1_197' title='bbox 981 2272 1093 2313; x_wconf 78' lang='lat' dir='ltr'>adhi-</span> 
     </span>
     <span class='ocr_line' id='line_1_37' title="bbox 305 2329 1093 2387; baseline -0.006 -12"><span class='ocrx_word' id='word_1_198' title='bbox 305 2334 450 2377; x_wconf 87' lang='lat' dir='ltr'>benda,</span> <span class='ocrx_word' id='word_1_199' title='bbox 489 2330 646 2387; x_wconf 87' lang='lat' dir='ltr'>quando</span> <span class='ocrx_word' id='word_1_200' title='bbox 687 2329 811 2370; x_wconf 74' lang='lat' dir='ltr'>solum</span> <span class='ocrx_word' id='word_1_201' title='bbox 855 2329 1004 2386; x_wconf 87' lang='lat' dir='ltr'>respicit</span> <span class='ocrx_word' id='word_1_202' title='bbox 1038 2329 1093 2370; x_wconf 80' lang='lat' dir='ltr'>fa-</span> 
     </span>
     <span class='ocr_line' id='line_1_38' title="bbox 305 2386 1090 2435; baseline -0.005 -1"><span class='ocrx_word' id='word_1_203' title='bbox 305 2407 438 2434; x_wconf 81' lang='lat' dir='ltr'>vorem</span> <span class='ocrx_word' id='word_1_204' title='bbox 458 2390 558 2430; x_wconf 87' lang='lat' dir='ltr'>illius</span> <span class='ocrx_word' id='word_1_205' title='bbox 579 2419 590 2435; x_wconf 91' lang='lat'>‚</span> <span class='ocrx_word' id='word_1_206' title='bbox 620 2391 681 2428; x_wconf 90' lang='lat' dir='ltr'>cui</span> <span class='ocrx_word' id='word_1_207' title='bbox 703 2386 925 2429; x_wconf 77' lang='lat' dir='ltr'>conceffiim</span> <span class='ocrx_word' id='word_1_208' title='bbox 940 2389 1015 2435; x_wconf 91' lang='lat' dir='ltr'>est,</span> <span class='ocrx_word' id='word_1_209' title='bbox 1048 2403 1090 2430; x_wconf 89' lang='lat' dir='ltr'>ut</span> 
     </span>
     <span class='ocr_line' id='line_1_39' title="bbox 304 2445 1088 2502; baseline -0.009 -10"><span class='ocrx_word' id='word_1_210' title='bbox 304 2452 464 2492; x_wconf 85' lang='lat' dir='ltr'>habetur</span> <span class='ocrx_word' id='word_1_211' title='bbox 474 2450 506 2489; x_wconf 83' lang='lat' dir='ltr'>in</span> <span class='ocrx_word' id='word_1_212' title='bbox 518 2465 545 2492; x_wconf 75' lang='lat' dir='ltr'>c.</span> <span class='ocrx_word' id='word_1_213' title='bbox 560 2446 643 2488; x_wconf 83' lang='lat' dir='ltr'>Odia</span> <span class='ocrx_word' id='word_1_214' title='bbox 653 2445 690 2486; x_wconf 80' lang='lat' dir='ltr'>de</span> <span class='ocrx_word' id='word_1_215' title='bbox 701 2448 782 2502; x_wconf 76' lang='lat' dir='ltr'>Reg.</span> <span class='ocrx_word' id='word_1_216' title='bbox 795 2448 871 2495; x_wconf 83' lang='lat' dir='ltr'>Jur.</span> <span class='ocrx_word' id='word_1_217' title='bbox 884 2448 917 2487; x_wconf 85' lang='lat' dir='ltr'>in</span> <span class='ocrx_word' id='word_1_218' title='bbox 927 2457 961 2490; x_wconf 75' lang='grc' dir='ltr'>ό,</span> <span class='ocrx_word' id='word_1_219' title='bbox 1019 2450 1088 2488; x_wconf 86' lang='lat' dir='ltr'>At-</span> 
     </span>
     <span class='ocr_line' id='line_1_40' title="bbox 302 2504 1086 2564; baseline -0.006 -13"><span class='ocrx_word' id='word_1_220' title='bbox 302 2513 367 2564; x_wconf 89' lang='lat' dir='ltr'>qui</span> <span class='ocrx_word' id='word_1_221' title='bbox 396 2508 563 2564; x_wconf 88' lang='lat' dir='ltr'>superare</span> <span class='ocrx_word' id='word_1_222' title='bbox 596 2520 643 2546; x_wconf 89' lang='lat' dir='ltr'>ex</span> <span class='ocrx_word' id='word_1_223' title='bbox 668 2504 780 2545; x_wconf 69' lang='lat' dir='ltr'>omni</span> <span class='ocrx_word' id='word_1_224' title='bbox 814 2519 920 2560; x_wconf 88' lang='lat' dir='ltr'>parte</span> <span class='ocrx_word' id='word_1_225' title='bbox 949 2520 1086 2562; x_wconf 85' lang='lat' dir='ltr'>pecca-</span> 
     </span>
     <span class='ocr_line' id='line_1_41' title="bbox 301 2562 1090 2621; baseline -0.005 -13"><span class='ocrx_word' id='word_1_226' title='bbox 301 2583 406 2614; x_wconf 88' lang='lat' dir='ltr'>tum,</span> <span class='ocrx_word' id='word_1_227' title='bbox 436 2566 490 2606; x_wconf 90' lang='lat' dir='ltr'>est</span> <span class='ocrx_word' id='word_1_228' title='bbox 514 2577 701 2621; x_wconf 86' lang='lat' dir='ltr'>magnum</span> <span class='ocrx_word' id='word_1_229' title='bbox 740 2562 972 2604; x_wconf 88' lang='lat' dir='ltr'>beneficium</span> <span class='ocrx_word' id='word_1_230' title='bbox 1009 2564 1090 2605; x_wconf 89' lang='lat' dir='ltr'>col-</span> 
     </span>
     <span class='ocr_line' id='line_1_42' title="bbox 303 2622 1089 2678; baseline -0.005 -11"><span class='ocrx_word' id='word_1_231' title='bbox 303 2625 422 2667; x_wconf 88' lang='lat' dir='ltr'>latum</span> <span class='ocrx_word' id='word_1_232' title='bbox 444 2623 466 2664; x_wconf 71' lang='lat' dir='ltr'>a</span> <span class='ocrx_word' id='word_1_233' title='bbox 483 2622 631 2666; x_wconf 87' lang='lat' dir='ltr'>summo</span> <span class='ocrx_word' id='word_1_234' title='bbox 663 2623 861 2678; x_wconf 85' lang='lat' dir='ltr'>Principe,</span> <span class='ocrx_word' id='word_1_235' title='bbox 890 2636 1032 2678; x_wconf 91' lang='lat' dir='ltr'>nempe</span> <span class='ocrx_word' id='word_1_236' title='bbox 1048 2625 1089 2663; x_wconf 90' lang='lat' dir='ltr'>in</span> 
     </span>
     <span class='ocr_line' id='line_1_43' title="bbox 300 2681 1090 2737; baseline -0.008 -11"><span class='ocrx_word' id='word_1_237' title='bbox 300 2684 509 2726; x_wconf 42' lang='lat' dir='ltr'>*utilitatem</span> <span class='ocrx_word' id='word_1_238' title='bbox 535 2681 646 2724; x_wconf 88' lang='lat' dir='ltr'>solius</span> <span class='ocrx_word' id='word_1_239' title='bbox 673 2682 796 2720; x_wconf 82' lang='lat' dir='ltr'>Beatae</span> <span class='ocrx_word' id='word_1_240' title='bbox 819 2683 986 2737; x_wconf 82' lang='lat' dir='ltr'>Virginis</span> <span class='ocrx_word' id='word_1_241' title='bbox 1004 2708 1015 2729; x_wconf 91' lang='lat'>,</span> <span class='ocrx_word' id='word_1_242' title='bbox 1047 2681 1090 2721; x_wconf 83' lang='lat' dir='ltr'>si-</span> 
     </span>
    </p>

    <p class='ocr_par' dir='ltr' id='par_1_6' title="bbox 444 2737 959 2854">
     <span class='ocr_line' id='line_1_44' title="bbox 444 2737 959 2795; baseline 0 -16"><span class='ocrx_word' id='word_1_243' title='bbox 444 2756 494 2782; x_wconf 85' lang='lat' dir='ltr'>ne</span> <span class='ocrx_word' id='word_1_244' title='bbox 510 2742 620 2783; x_wconf 90' lang='lat' dir='ltr'>omni</span> <span class='ocrx_word' id='word_1_245' title='bbox 642 2737 791 2778; x_wconf 89' lang='lat' dir='ltr'>alterius</span> <span class='ocrx_word' id='word_1_246' title='bbox 814 2737 959 2795; x_wconf 57' lang='lat' dir='ltr'>injuria.</span> 
     </span>
     <span class='ocr_line' id='line_1_45' title="bbox 597 2799 798 2854; baseline -0.01 -16"><span class='ocrx_word' id='word_1_247' title='bbox 597 2799 712 2854; x_wconf 85' lang='lat' dir='ltr'>Ergo,</span> <span class='ocrx_word' id='word_1_248' title='bbox 723 2801 798 2839; x_wconf 84' lang='lat' dir='ltr'>&amp;c.</span> 
     </span>
    </p>
   </div>
   <div class='ocr_carea' id='block_1_6' title="bbox 656 2910 741 2967">
    <p class='ocr_par' dir='ltr' id='par_1_7' title="bbox 656 2910 741 2967">
     <span class='ocr_line' id='line_1_46' title="bbox 656 2910 741 2938; baseline 0 -8"><span class='ocrx_word' id='word_1_249' title='bbox 656 2913 679 2938; x_wconf 59' lang='grc' dir='ltr'>,ῃ</span> <span class='ocrx_word' id='word_1_250' title='bbox 722 2910 741 2930; x_wconf 57' lang='lat' dir='ltr'>n</span> 
     </span>
     <span class='ocr_line' id='line_1_47' title="bbox 694 2947 713 2967; baseline 0 -4"><span class='ocrx_word' id='word_1_251' title='bbox 694 2947 713 2967; x_wconf 59' lang='grc' dir='ltr'><em>ῃ</em></span> 
     </span>
    </p>
   </div>
   <div class='ocr_carea' id='block_1_7' title="bbox 754 96 1611 180">
    <p class='ocr_par' dir='ltr' id='par_1_8' title="bbox 754 96 1611 180">
     <span class='ocr_line' id='line_1_48' title="bbox 754 96 1611 180; baseline -0.009 -17"><span class='ocrx_word' id='word_1_252' title='bbox 754 101 848 163; x_wconf 89' lang='lat' dir='ltr'>De</span> <span class='ocrx_word' id='word_1_253' title='bbox 869 98 1164 180; x_wconf 65' lang='lat' dir='ltr'>Conceptfi</span> <span class='ocrx_word' id='word_1_254' title='bbox 1183 99 1338 160; x_wconf 69' lang='lat' dir='ltr'>Sacra</span> <span class='ocrx_word' id='word_1_255' title='bbox 1359 96 1611 175; x_wconf 63' lang='lat' dir='ltr'>Deipara.</span> 
     </span>
    </p>
   </div>
   <div class='ocr_carea' id='block_1_8' title="bbox 1169 211 1959 442">
    <p class='ocr_par' dir='ltr' id='par_1_9' title="bbox 1169 211 1959 442">
     <span class='ocr_line' id='line_1_49' title="bbox 1373 211 1758 285; baseline -0.013 -19"><span class='ocrx_word' id='word_1_256' title='bbox 1373 225 1409 274; x_wconf 85' lang='lat'>§.</span> <span class='ocrx_word' id='word_1_257' title='bbox 1432 229 1485 282; x_wconf 86' lang='lat'>4.</span> <span class='ocrx_word' id='word_1_258' title='bbox 1528 211 1758 285; x_wconf 48' lang='lat' dir='ltr'>Historia</span> 
     </span>
     <span class='ocr_line' id='line_1_50' title="bbox 1169 303 1959 360; baseline -0.001 -7"><span class='ocrx_word' id='word_1_259' title='bbox 1169 309 1296 356; x_wconf 78' lang='lat' dir='ltr'>febrl</span> <span class='ocrx_word' id='word_1_260' title='bbox 1349 307 1721 357; x_wconf 80' lang='lat' dir='ltr'>DeCVMbentIs</span> <span class='ocrx_word' id='word_1_261' title='bbox 1752 303 1916 352; x_wconf 75' lang='lat' dir='ltr'>sanItas</span> <span class='ocrx_word' id='word_1_262' title='bbox 1944 337 1959 360; x_wconf 87' lang='lat'>,</span> 
     </span>
     <span class='ocr_line' id='line_1_51' title="bbox 1301 376 1818 442; baseline -0.01 -16"><span class='ocrx_word' id='word_1_263' title='bbox 1301 378 1355 426; x_wconf 83' lang='lat' dir='ltr'>ab</span> <span class='ocrx_word' id='word_1_264' title='bbox 1380 379 1545 442; x_wconf 77' lang='lat' dir='ltr'>efflgle</span> <span class='ocrx_word' id='word_1_265' title='bbox 1571 376 1818 425; x_wconf 77' lang='lat' dir='ltr'>ILLibatae.</span> 
     </span>
    </p>
   </div>
   <div class='ocr_carea' id='block_1_9' title="bbox 1136 458 1960 3087">
    <p class='ocr_par' dir='ltr' id='par_1_10' title="bbox 1136 458 1960 3087">
     <span class='ocr_line' id='line_1_52' title="bbox 1288 458 1960 518; baseline -0.007 -15"><span class='ocrx_word' id='word_1_266' title='bbox 1288 466 1377 504; x_wconf 82' lang='lat' dir='ltr'>Aria</span> <span class='ocrx_word' id='word_1_267' title='bbox 1387 458 1960 518; x_wconf 81' lang='lat' dir='ltr'>MagdalenaPinckeneta,dig-</span> 
     </span>
     <span class='ocr_line' id='line_1_53' title="bbox 1317 518 1958 561; baseline -0.006 -1"><span class='ocrx_word' id='word_1_268' title='bbox 1317 522 1463 560; x_wconf 83' lang='lat' dir='ltr'>niffima</span> <span class='ocrx_word' id='word_1_269' title='bbox 1502 521 1663 561; x_wconf 85' lang='lat' dir='ltr'>Ordinis</span> <span class='ocrx_word' id='word_1_270' title='bbox 1702 518 1958 561; x_wconf 81' lang='lat' dir='ltr'>Cistercienfis</span> 
     </span>
     <span class='ocr_line' id='line_1_54' title="bbox 1167 578 1956 624; baseline -0.006 -4"><span class='ocrx_word' id='word_1_271' title='bbox 1167 578 1381 624; x_wconf 65' lang='lat' dir='ltr'>Abbatissa,</span> <span class='ocrx_word' id='word_1_272' title='bbox 1412 592 1568 619; x_wconf 81' lang='lat' dir='ltr'>maturae</span> <span class='ocrx_word' id='word_1_273' title='bbox 1591 593 1674 618; x_wconf 87' lang='lat' dir='ltr'>non</span> <span class='ocrx_word' id='word_1_274' title='bbox 1697 580 1850 619; x_wconf 68' lang='lat' dir='ltr'>tantum</span> <span class='ocrx_word' id='word_1_275' title='bbox 1867 590 1956 616; x_wconf 80' lang='lat' dir='ltr'>aeta-</span> 
     </span>
     <span class='ocr_line' id='line_1_55' title="bbox 1166 638 1956 692; baseline -0.003 -15"><span class='ocrx_word' id='word_1_276' title='bbox 1166 641 1211 677; x_wconf 87' lang='lat' dir='ltr'>tis</span> <span class='ocrx_word' id='word_1_277' title='bbox 1227 666 1238 682; x_wconf 91' lang='lat'>,</span> <span class='ocrx_word' id='word_1_278' title='bbox 1272 640 1404 678; x_wconf 77' lang='lat' dir='ltr'>verum</span> <span class='ocrx_word' id='word_1_279' title='bbox 1413 640 1530 677; x_wconf 85' lang='lat' dir='ltr'>etiam</span> <span class='ocrx_word' id='word_1_280' title='bbox 1538 639 1685 692; x_wconf 86' lang='lat' dir='ltr'>pietatis</span> <span class='ocrx_word' id='word_1_281' title='bbox 1696 639 1846 677; x_wconf 67' lang='lat' dir='ltr'>eximiae</span> <span class='ocrx_word' id='word_1_282' title='bbox 1861 638 1956 676; x_wconf 86' lang='lat' dir='ltr'>San-</span> 
     </span>
     <span class='ocr_line' id='line_1_56' title="bbox 1164 695 1955 750; baseline -0.003 -15"><span class='ocrx_word' id='word_1_283' title='bbox 1164 695 1419 740; x_wconf 57' lang='lat' dir='ltr'>Hcimonialis,</span> <span class='ocrx_word' id='word_1_284' title='bbox 1450 697 1541 735; x_wconf 76' lang='lat' dir='ltr'>cum</span> <span class='ocrx_word' id='word_1_285' title='bbox 1558 710 1605 735; x_wconf 86' lang='lat' dir='ltr'>ex</span> <span class='ocrx_word' id='word_1_286' title='bbox 1617 698 1715 737; x_wconf 86' lang='lat' dir='ltr'>acri,</span> <span class='ocrx_word' id='word_1_287' title='bbox 1746 701 1787 736; x_wconf 70' lang='grc' dir='ltr'>ὃς</span> <span class='ocrx_word' id='word_1_288' title='bbox 1808 697 1955 750; x_wconf 89' lang='lat' dir='ltr'>pericu-</span> 
     </span>
     <span class='ocr_line' id='line_1_57' title="bbox 1163 752 1957 810; baseline -0.003 -16"><span class='ocrx_word' id='word_1_289' title='bbox 1163 753 1243 794; x_wconf 64' lang='lat' dir='ltr'>losa</span> <span class='ocrx_word' id='word_1_290' title='bbox 1256 753 1368 794; x_wconf 72' lang='lat' dir='ltr'>Febri</span> <span class='ocrx_word' id='word_1_291' title='bbox 1378 784 1389 800; x_wconf 88' lang='lat'>,</span> <span class='ocrx_word' id='word_1_292' title='bbox 1421 753 1543 810; x_wconf 87' lang='lat' dir='ltr'>longo</span> <span class='ocrx_word' id='word_1_293' title='bbox 1563 754 1641 808; x_wconf 85' lang='lat' dir='ltr'>jam</span> <span class='ocrx_word' id='word_1_294' title='bbox 1653 766 1826 809; x_wconf 90' lang='lat' dir='ltr'>tempore</span> <span class='ocrx_word' id='word_1_295' title='bbox 1839 752 1957 792; x_wconf 82' lang='lat' dir='ltr'>decu·</span> 
     </span>
     <span class='ocr_line' id='line_1_58' title="bbox 1170 811 1956 868; baseline -0.003 -16"><span class='ocrx_word' id='word_1_296' title='bbox 1170 811 1303 853; x_wconf 70' lang='lat' dir='ltr'>bmss&#39;et</span> <span class='ocrx_word' id='word_1_297' title='bbox 1314 842 1324 859; x_wconf 88' lang='lat'>‚</span> <span class='ocrx_word' id='word_1_298' title='bbox 1344 828 1387 852; x_wconf 85' lang='lat' dir='ltr'>ac</span> <span class='ocrx_word' id='word_1_299' title='bbox 1402 815 1534 868; x_wconf 87' lang='lat' dir='ltr'>capitis</span> <span class='ocrx_word' id='word_1_300' title='bbox 1555 811 1759 867; x_wconf 67' lang='lat' dir='ltr'>praest‘rtim</span> <span class='ocrx_word' id='word_1_301' title='bbox 1773 811 1858 851; x_wconf 90' lang='lat' dir='ltr'>diro</span> <span class='ocrx_word' id='word_1_302' title='bbox 1871 825 1956 850; x_wconf 88' lang='lat' dir='ltr'>cru-</span> 
     </span>
     <span class='ocr_line' id='line_1_59' title="bbox 1168 870 1956 927; baseline -0.001 -17"><span class='ocrx_word' id='word_1_303' title='bbox 1168 874 1269 911; x_wconf 87' lang='lat' dir='ltr'>ciatu</span> <span class='ocrx_word' id='word_1_304' title='bbox 1280 870 1433 927; x_wconf 74' lang='lat' dir='ltr'>pessime</span> <span class='ocrx_word' id='word_1_305' title='bbox 1445 870 1631 915; x_wconf 82' lang='lat' dir='ltr'>divexata,</span> <span class='ocrx_word' id='word_1_306' title='bbox 1646 883 1733 910; x_wconf 93' lang='lat' dir='ltr'>toto</span> <span class='ocrx_word' id='word_1_307' title='bbox 1749 883 1956 926; x_wconf 87' lang='lat' dir='ltr'>propemo-</span> 
     </span>
     <span class='ocr_line' id='line_1_60' title="bbox 1166 926 1956 985; baseline -0.001 -17"><span class='ocrx_word' id='word_1_308' title='bbox 1166 929 1261 969; x_wconf 75' lang='lat' dir='ltr'>dum</span> <span class='ocrx_word' id='word_1_309' title='bbox 1287 944 1451 985; x_wconf 84' lang='lat' dir='ltr'>corpore</span> <span class='ocrx_word' id='word_1_310' title='bbox 1486 928 1585 969; x_wconf 77' lang='lat' dir='ltr'>adeo</span> <span class='ocrx_word' id='word_1_311' title='bbox 1620 926 1709 968; x_wconf 77' lang='lat' dir='ltr'>effet</span> <span class='ocrx_word' id='word_1_312' title='bbox 1732 931 1882 972; x_wconf 86' lang='lat' dir='ltr'>attrita,</span> <span class='ocrx_word' id='word_1_313' title='bbox 1914 940 1956 967; x_wconf 89' lang='lat' dir='ltr'>ut</span> 
     </span>
     <span class='ocr_line' id='line_1_61' title="bbox 1164 986 1956 1043; baseline -0.003 -17"><span class='ocrx_word' id='word_1_314' title='bbox 1164 988 1372 1029; x_wconf 76' lang='lat' dir='ltr'>comovere</span> <span class='ocrx_word' id='word_1_315' title='bbox 1384 987 1431 1033; x_wconf 88' lang='lat' dir='ltr'>se,</span> <span class='ocrx_word' id='word_1_316' title='bbox 1453 986 1594 1042; x_wconf 84' lang='lat' dir='ltr'>absque</span> <span class='ocrx_word' id='word_1_317' title='bbox 1606 986 1771 1043; x_wconf 85' lang='lat' dir='ltr'>plurium</span> <span class='ocrx_word' id='word_1_318' title='bbox 1789 986 1956 1026; x_wconf 89' lang='lat' dir='ltr'>admini-</span> 
     </span>
     <span class='ocr_line' id='line_1_62' title="bbox 1162 1044 1954 1102; baseline -0.003 -16"><span class='ocrx_word' id='word_1_319' title='bbox 1162 1045 1251 1086; x_wconf 91' lang='lat' dir='ltr'>culo</span> <span class='ocrx_word' id='word_1_320' title='bbox 1266 1075 1276 1092; x_wconf 90' lang='lat'>‚</span> <span class='ocrx_word' id='word_1_321' title='bbox 1306 1045 1470 1086; x_wconf 76' lang='lat' dir='ltr'>minime</span> <span class='ocrx_word' id='word_1_322' title='bbox 1485 1044 1625 1102; x_wconf 75' lang='lat' dir='ltr'>posset,</span> <span class='ocrx_word' id='word_1_323' title='bbox 1646 1044 1954 1099; x_wconf 53' lang='lat' dir='ltr'>&amp;circumjacem</span> 
     </span>
     <span class='ocr_line' id='line_1_63' title="bbox 1158 1101 1954 1161; baseline -0.003 -17"><span class='ocrx_word' id='word_1_324' title='bbox 1158 1118 1210 1150; x_wconf 92' lang='lat' dir='ltr'>te,</span> <span class='ocrx_word' id='word_1_325' title='bbox 1243 1111 1281 1146; x_wconf 86' lang='lat'>&amp;</span> <span class='ocrx_word' id='word_1_326' title='bbox 1293 1104 1376 1145; x_wconf 89' lang='lat' dir='ltr'>casu</span> <span class='ocrx_word' id='word_1_327' title='bbox 1388 1120 1454 1161; x_wconf 89' lang='lat' dir='ltr'>per</span> <span class='ocrx_word' id='word_1_328' title='bbox 1464 1107 1643 1146; x_wconf 86' lang='lat' dir='ltr'>Sororem</span> <span class='ocrx_word' id='word_1_329' title='bbox 1658 1103 1821 1143; x_wconf 87' lang='lat' dir='ltr'>infirmae</span> <span class='ocrx_word' id='word_1_330' title='bbox 1832 1101 1954 1142; x_wconf 81' lang='lat' dir='ltr'>deser-</span> 
     </span>
     <span class='ocr_line' id='line_1_64' title="bbox 1157 1160 1954 1203; baseline -0.003 0"><span class='ocrx_word' id='word_1_331' title='bbox 1157 1165 1328 1203; x_wconf 89' lang='lat' dir='ltr'>vientem</span> <span class='ocrx_word' id='word_1_332' title='bbox 1361 1162 1541 1203; x_wconf 89' lang='lat' dir='ltr'>cubiculo</span> <span class='ocrx_word' id='word_1_333' title='bbox 1565 1161 1670 1203; x_wconf 59' lang='lat' dir='ltr'>illata</span> <span class='ocrx_word' id='word_1_334' title='bbox 1697 1160 1954 1202; x_wconf 73' lang='lat' dir='ltr'>immaculatae</span> 
     </span>
     <span class='ocr_line' id='line_1_65' title="bbox 1156 1220 1951 1278; baseline -0.001 -17"><span class='ocrx_word' id='word_1_335' title='bbox 1156 1223 1633 1278; x_wconf 76' lang='lat' dir='ltr'>Conceptionislmagine,</span> <span class='ocrx_word' id='word_1_336' title='bbox 1654 1220 1761 1261; x_wconf 78' lang='lat' dir='ltr'>illico</span> <span class='ocrx_word' id='word_1_337' title='bbox 1772 1235 1854 1267; x_wconf 83' lang='lat' dir='ltr'>non</span> <span class='ocrx_word' id='word_1_338' title='bbox 1865 1234 1951 1260; x_wconf 89' lang='lat' dir='ltr'>mo-</span> 
     </span>
     <span class='ocr_line' id='line_1_66' title="bbox 1156 1279 1950 1335; baseline -0.001 -16"><span class='ocrx_word' id='word_1_339' title='bbox 1156 1279 1288 1320; x_wconf 91' lang='lat' dir='ltr'>dicum</span> <span class='ocrx_word' id='word_1_340' title='bbox 1322 1279 1429 1321; x_wconf 67' lang='lat' dir='ltr'>sensit</span> <span class='ocrx_word' id='word_1_341' title='bbox 1461 1283 1501 1320; x_wconf 92' lang='lat' dir='ltr'>in</span> <span class='ocrx_word' id='word_1_342' title='bbox 1530 1294 1692 1335; x_wconf 89' lang='lat' dir='ltr'>corpore</span> <span class='ocrx_word' id='word_1_343' title='bbox 1721 1279 1899 1320; x_wconf 88' lang='lat' dir='ltr'>levamen</span> <span class='ocrx_word' id='word_1_344' title='bbox 1939 1307 1950 1324; x_wconf 93' lang='lat'>,</span> 
     </span>
     <span class='ocr_line' id='line_1_67' title="bbox 1156 1336 1946 1393; baseline 0 -16"><span class='ocrx_word' id='word_1_345' title='bbox 1156 1338 1360 1393; x_wconf 82' lang='lat' dir='ltr'>morbique</span> <span class='ocrx_word' id='word_1_346' title='bbox 1373 1338 1485 1380; x_wconf 84' lang='lat' dir='ltr'>status</span> <span class='ocrx_word' id='word_1_347' title='bbox 1503 1337 1708 1378; x_wconf 87' lang='lat' dir='ltr'>confestim</span> <span class='ocrx_word' id='word_1_348' title='bbox 1720 1336 1946 1378; x_wconf 87' lang='lat' dir='ltr'>notabiliter</span> 
     </span>
     <span class='ocr_line' id='line_1_68' title="bbox 1156 1396 1939 1441; baseline 0 -6"><span class='ocrx_word' id='word_1_349' title='bbox 1156 1396 1262 1436; x_wconf 85' lang='lat' dir='ltr'>estin</span> <span class='ocrx_word' id='word_1_350' title='bbox 1277 1396 1414 1437; x_wconf 86' lang='lat' dir='ltr'>melius</span> <span class='ocrx_word' id='word_1_351' title='bbox 1431 1410 1703 1437; x_wconf 81' lang='lat' dir='ltr'>commutatus.</span> <span class='ocrx_word' id='word_1_352' title='bbox 1744 1399 1939 1441; x_wconf 86' lang='lat' dir='ltr'>Attamen,</span> 
     </span>
     <span class='ocr_line' id='line_1_69' title="bbox 1153 1452 1946 1512; baseline 0 -18"><span class='ocrx_word' id='word_1_353' title='bbox 1153 1457 1244 1495; x_wconf 77' lang='lat' dir='ltr'>cum</span> <span class='ocrx_word' id='word_1_354' title='bbox 1265 1455 1350 1512; x_wconf 89' lang='lat' dir='ltr'>post</span> <span class='ocrx_word' id='word_1_355' title='bbox 1369 1471 1512 1501; x_wconf 88' lang='lat' dir='ltr'>unum,</span> <span class='ocrx_word' id='word_1_356' title='bbox 1543 1453 1753 1496; x_wconf 79' lang='lat' dir='ltr'>alterumve</span> <span class='ocrx_word' id='word_1_357' title='bbox 1778 1452 1946 1510; x_wconf 81' lang='lat' dir='ltr'>elapfiim</span> 
     </span>
     <span class='ocr_line' id='line_1_70' title="bbox 1153 1512 1944 1560; baseline 0 -7"><span class='ocrx_word' id='word_1_358' title='bbox 1153 1513 1279 1560; x_wconf 90' lang='lat' dir='ltr'>diem,</span> <span class='ocrx_word' id='word_1_359' title='bbox 1311 1517 1426 1555; x_wconf 86' lang='lat' dir='ltr'>Soror</span> <span class='ocrx_word' id='word_1_360' title='bbox 1456 1512 1548 1559; x_wconf 84' lang='lat' dir='ltr'>illa,</span> <span class='ocrx_word' id='word_1_361' title='bbox 1589 1514 1807 1554; x_wconf 67' lang='lat' dir='ltr'>infirmariae</span> <span class='ocrx_word' id='word_1_362' title='bbox 1837 1528 1944 1553; x_wconf 86' lang='lat' dir='ltr'>cura-</span> 
     </span>
     <span class='ocr_line' id='line_1_71' title="bbox 1152 1570 1944 1628; baseline 0 -17"><span class='ocrx_word' id='word_1_363' title='bbox 1152 1575 1238 1615; x_wconf 82' lang='lat' dir='ltr'>trix,</span> <span class='ocrx_word' id='word_1_364' title='bbox 1260 1587 1327 1628; x_wconf 91' lang='lat' dir='ltr'>per</span> <span class='ocrx_word' id='word_1_365' title='bbox 1337 1575 1635 1627; x_wconf 82' lang='lat' dir='ltr'>incogitantiam</span> <span class='ocrx_word' id='word_1_366' title='bbox 1646 1601 1656 1618; x_wconf 91' lang='lat'>,</span> <span class='ocrx_word' id='word_1_367' title='bbox 1680 1572 1824 1612; x_wconf 67' lang='lat' dir='ltr'>distam</span> <span class='ocrx_word' id='word_1_368' title='bbox 1835 1570 1944 1615; x_wconf 76' lang='lat' dir='ltr'>illam,</span> 
     </span>
     <span class='ocr_line' id='line_1_72' title="bbox 1151 1629 1942 1686; baseline 0.003 -17"><span class='ocrx_word' id='word_1_369' title='bbox 1151 1629 1406 1671; x_wconf 66' lang='lat' dir='ltr'>immaculatae</span> <span class='ocrx_word' id='word_1_370' title='bbox 1450 1632 1618 1686; x_wconf 83' lang='lat' dir='ltr'>Virginis</span> <span class='ocrx_word' id='word_1_371' title='bbox 1657 1629 1823 1686; x_wconf 86' lang='lat' dir='ltr'>effigiem</span> <span class='ocrx_word' id='word_1_372' title='bbox 1843 1658 1854 1675; x_wconf 92' lang='lat'>,</span> <span class='ocrx_word' id='word_1_373' title='bbox 1892 1629 1942 1671; x_wconf 90' lang='lat' dir='ltr'>ab</span> 
     </span>
     <span class='ocr_line' id='line_1_73' title="bbox 1149 1686 1939 1745; baseline -0.003 -16"><span class='ocrx_word' id='word_1_374' title='bbox 1149 1702 1257 1745; x_wconf 88' lang='lat' dir='ltr'>aegrae</span> <span class='ocrx_word' id='word_1_375' title='bbox 1276 1687 1417 1729; x_wconf 66' lang='lat' dir='ltr'>lectulo</span> <span class='ocrx_word' id='word_1_376' title='bbox 1437 1687 1589 1744; x_wconf 72' lang='lat' dir='ltr'>longius</span> <span class='ocrx_word' id='word_1_377' title='bbox 1609 1686 1846 1733; x_wconf 87' lang='lat' dir='ltr'>removisset,</span> <span class='ocrx_word' id='word_1_378' title='bbox 1882 1691 1939 1744; x_wconf 87' lang='lat' dir='ltr'>ig-</span> 
     </span>
     <span class='ocr_line' id='line_1_74' title="bbox 1149 1745 1939 1802; baseline 0 -15"><span class='ocrx_word' id='word_1_379' title='bbox 1149 1761 1266 1793; x_wconf 88' lang='lat' dir='ltr'>nara,</span> <span class='ocrx_word' id='word_1_380' title='bbox 1295 1746 1398 1787; x_wconf 89' lang='lat' dir='ltr'>unde</span> <span class='ocrx_word' id='word_1_381' title='bbox 1421 1761 1542 1802; x_wconf 89' lang='lat' dir='ltr'>nuper</span> <span class='ocrx_word' id='word_1_382' title='bbox 1563 1760 1645 1786; x_wconf 89' lang='lat' dir='ltr'>tam</span> <span class='ocrx_word' id='word_1_383' title='bbox 1665 1745 1789 1787; x_wconf 76' lang='lat' dir='ltr'>subito</span> <span class='ocrx_word' id='word_1_384' title='bbox 1809 1745 1939 1788; x_wconf 90' lang='lat' dir='ltr'>Abba-</span> 
     </span>
     <span class='ocr_line' id='line_1_75' title="bbox 1149 1803 1939 1846; baseline 0 0"><span class='ocrx_word' id='word_1_385' title='bbox 1149 1803 1230 1846; x_wconf 82' lang='lat' dir='ltr'>tissa</span> <span class='ocrx_word' id='word_1_386' title='bbox 1247 1804 1309 1846; x_wconf 90' lang='lat' dir='ltr'>sua</span> <span class='ocrx_word' id='word_1_387' title='bbox 1326 1804 1462 1846; x_wconf 71' lang='lat' dir='ltr'>melius</span> <span class='ocrx_word' id='word_1_388' title='bbox 1478 1804 1685 1846; x_wconf 79' lang='lat' dir='ltr'>habuisset?</span> <span class='ocrx_word' id='word_1_389' title='bbox 1715 1820 1810 1845; x_wconf 84' lang='lat' dir='ltr'>mox</span> <span class='ocrx_word' id='word_1_390' title='bbox 1831 1806 1939 1846; x_wconf 87' lang='lat' dir='ltr'>rede-</span> 
     </span>
     <span class='ocr_line' id='line_1_76' title="bbox 1148 1862 1939 1910; baseline 0 -5"><span class='ocrx_word' id='word_1_391' title='bbox 1148 1877 1268 1910; x_wconf 90' lang='lat' dir='ltr'>unte,</span> <span class='ocrx_word' id='word_1_392' title='bbox 1299 1869 1340 1906; x_wconf 87' lang='lat'>&amp;</span> <span class='ocrx_word' id='word_1_393' title='bbox 1389 1863 1516 1904; x_wconf 91' lang='lat' dir='ltr'>dirum</span> <span class='ocrx_word' id='word_1_394' title='bbox 1548 1867 1589 1903; x_wconf 91' lang='lat' dir='ltr'>in</span> <span class='ocrx_word' id='word_1_395' title='bbox 1620 1862 1785 1904; x_wconf 90' lang='lat' dir='ltr'>modum</span> <span class='ocrx_word' id='word_1_396' title='bbox 1814 1878 1939 1905; x_wconf 87' lang='lat' dir='ltr'>recru-</span> 
     </span>
     <span class='ocr_line' id='line_1_77' title="bbox 1148 1920 1939 1968; baseline 0.001 -6"><span class='ocrx_word' id='word_1_397' title='bbox 1148 1920 1326 1963; x_wconf 88' lang='lat' dir='ltr'>descente</span> <span class='ocrx_word' id='word_1_398' title='bbox 1346 1921 1488 1963; x_wconf 89' lang='lat' dir='ltr'>eodem</span> <span class='ocrx_word' id='word_1_399' title='bbox 1510 1921 1673 1968; x_wconf 91' lang='lat' dir='ltr'>morbo,</span> <span class='ocrx_word' id='word_1_400' title='bbox 1700 1921 1833 1962; x_wconf 88' lang='lat' dir='ltr'>misera</span> <span class='ocrx_word' id='word_1_401' title='bbox 1848 1924 1939 1963; x_wconf 85' lang='lat' dir='ltr'>Pin-</span> 
     </span>
     <span class='ocr_line' id='line_1_78' title="bbox 1148 1979 1940 2038; baseline -0.001 -17"><span class='ocrx_word' id='word_1_402' title='bbox 1148 1982 1318 2022; x_wconf 84' lang='lat' dir='ltr'>ckeneta</span> <span class='ocrx_word' id='word_1_403' title='bbox 1336 1983 1376 2021; x_wconf 92' lang='lat' dir='ltr'>in</span> <span class='ocrx_word' id='word_1_404' title='bbox 1397 1980 1598 2038; x_wconf 90' lang='lat' dir='ltr'>pristinum</span> <span class='ocrx_word' id='word_1_405' title='bbox 1619 1984 1707 2024; x_wconf 84' lang='lat' dir='ltr'>vitae</span> <span class='ocrx_word' id='word_1_406' title='bbox 1732 1979 1940 2026; x_wconf 79' lang='lat' dir='ltr'>discrimen,</span> 
     </span>
     <span class='ocr_line' id='line_1_79' title="bbox 1147 2038 1936 2085; baseline 0 -5"><span class='ocrx_word' id='word_1_407' title='bbox 1147 2038 1285 2081; x_wconf 78' lang='lat' dir='ltr'>iterato</span> <span class='ocrx_word' id='word_1_408' title='bbox 1304 2041 1453 2085; x_wconf 73' lang='lat' dir='ltr'>recidit.</span> <span class='ocrx_word' id='word_1_409' title='bbox 1511 2041 1608 2080; x_wconf 89' lang='lat' dir='ltr'>Eam</span> <span class='ocrx_word' id='word_1_410' title='bbox 1623 2039 1676 2081; x_wconf 92' lang='lat' dir='ltr'>ob</span> <span class='ocrx_word' id='word_1_411' title='bbox 1702 2054 1802 2085; x_wconf 88' lang='lat' dir='ltr'>rem,</span> <span class='ocrx_word' id='word_1_412' title='bbox 1833 2052 1936 2081; x_wconf 83' lang='lat' dir='ltr'>atto-</span> 
     </span>
     <span class='ocr_line' id='line_1_80' title="bbox 1144 2097 1936 2154; baseline 0.001 -17"><span class='ocrx_word' id='word_1_413' title='bbox 1144 2102 1234 2139; x_wconf 83' lang='lat' dir='ltr'>nitis</span> <span class='ocrx_word' id='word_1_414' title='bbox 1248 2127 1260 2145; x_wconf 88' lang='lat'>,</span> <span class='ocrx_word' id='word_1_415' title='bbox 1291 2113 1376 2153; x_wconf 86' lang='lat' dir='ltr'>quae</span> <span class='ocrx_word' id='word_1_416' title='bbox 1398 2099 1464 2139; x_wconf 90' lang='lat' dir='ltr'>diu</span> <span class='ocrx_word' id='word_1_417' title='bbox 1480 2126 1490 2143; x_wconf 93' lang='lat'>,</span> <span class='ocrx_word' id='word_1_418' title='bbox 1522 2097 1715 2153; x_wconf 64' lang='lat' dir='ltr'>noctuque</span> <span class='ocrx_word' id='word_1_419' title='bbox 1737 2112 1845 2154; x_wconf 80' lang='lat' dir='ltr'>aegrae</span> <span class='ocrx_word' id='word_1_420' title='bbox 1861 2102 1936 2139; x_wconf 82' lang='lat' dir='ltr'>mi·</span> 
     </span>
     <span class='ocr_line' id='line_1_81' title="bbox 1142 2156 1936 2202; baseline 0.003 -5"><span class='ocrx_word' id='word_1_421' title='bbox 1142 2156 1355 2197; x_wconf 86' lang='lat' dir='ltr'>nistrabant</span> <span class='ocrx_word' id='word_1_422' title='bbox 1369 2183 1380 2199; x_wconf 85' lang='grc'>,</span> <span class='ocrx_word' id='word_1_423' title='bbox 1410 2156 1607 2198; x_wconf 88' lang='lat' dir='ltr'>Sororibus</span> <span class='ocrx_word' id='word_1_424' title='bbox 1623 2185 1634 2202; x_wconf 89' lang='lat'><em>‚</em></span> <span class='ocrx_word' id='word_1_425' title='bbox 1664 2171 1839 2197; x_wconf 86' lang='lat' dir='ltr'>mentem</span> <span class='ocrx_word' id='word_1_426' title='bbox 1850 2171 1936 2199; x_wconf 85' lang='lat' dir='ltr'>tan-</span> 
     </span>
     <span class='ocr_line' id='line_1_82' title="bbox 1141 2213 1933 2261; baseline -0.003 -6"><span class='ocrx_word' id='word_1_427' title='bbox 1141 2215 1234 2256; x_wconf 90' lang='lat' dir='ltr'>dem</span> <span class='ocrx_word' id='word_1_428' title='bbox 1252 2214 1406 2255; x_wconf 85' lang='lat' dir='ltr'>salubris</span> <span class='ocrx_word' id='word_1_429' title='bbox 1426 2213 1522 2255; x_wconf 90' lang='lat' dir='ltr'>subit</span> <span class='ocrx_word' id='word_1_430' title='bbox 1543 2214 1781 2261; x_wconf 87' lang='lat' dir='ltr'>recordatio,</span> <span class='ocrx_word' id='word_1_431' title='bbox 1812 2215 1933 2256; x_wconf 64' lang='lat' dir='ltr'>subla-</span> 
     </span>
     <span class='ocr_line' id='line_1_83' title="bbox 1143 2272 1931 2329; baseline 0 -15"><span class='ocrx_word' id='word_1_432' title='bbox 1143 2287 1189 2314; x_wconf 90' lang='lat' dir='ltr'>tae</span> <span class='ocrx_word' id='word_1_433' title='bbox 1204 2276 1406 2329; x_wconf 75' lang='lat' dir='ltr'>imaginis,</span> <span class='ocrx_word' id='word_1_434' title='bbox 1436 2287 1558 2328; x_wconf 87' lang='lat' dir='ltr'>nuper</span> <span class='ocrx_word' id='word_1_435' title='bbox 1568 2272 1670 2313; x_wconf 88' lang='lat' dir='ltr'>haud</span> <span class='ocrx_word' id='word_1_436' title='bbox 1688 2273 1821 2329; x_wconf 85' lang='lat' dir='ltr'>procul</span> <span class='ocrx_word' id='word_1_437' title='bbox 1843 2273 1931 2314; x_wconf 67' lang='lat' dir='ltr'>ale-</span> 
     </span>
     <span class='ocr_line' id='line_1_84' title="bbox 1141 2330 1928 2387; baseline 0 -15"><span class='ocrx_word' id='word_1_438' title='bbox 1141 2331 1245 2372; x_wconf 71' lang='lat' dir='ltr'>‹stulo</span> <span class='ocrx_word' id='word_1_439' title='bbox 1265 2330 1532 2372; x_wconf 88' lang='lat' dir='ltr'>decumbentis</span> <span class='ocrx_word' id='word_1_440' title='bbox 1562 2331 1740 2387; x_wconf 71' lang='lat' dir='ltr'>repositae.</span> <span class='ocrx_word' id='word_1_441' title='bbox 1809 2333 1928 2372; x_wconf 80' lang='lat' dir='ltr'>Hanc</span> 
     </span>
     <span class='ocr_line' id='line_1_85' title="bbox 1136 2388 1926 2447; baseline 0 -17"><span class='ocrx_word' id='word_1_442' title='bbox 1136 2405 1251 2447; x_wconf 87' lang='lat' dir='ltr'>ergo,</span> <span class='ocrx_word' id='word_1_443' title='bbox 1283 2390 1360 2430; x_wconf 85' lang='lat' dir='ltr'>fine</span> <span class='ocrx_word' id='word_1_444' title='bbox 1386 2388 1497 2430; x_wconf 62' lang='lat' dir='ltr'>mora</span> <span class='ocrx_word' id='word_1_445' title='bbox 1520 2418 1530 2434; x_wconf 96' lang='lat'>,</span> <span class='ocrx_word' id='word_1_446' title='bbox 1578 2388 1740 2430; x_wconf 69' lang='lat' dir='ltr'>iollicite</span> <span class='ocrx_word' id='word_1_447' title='bbox 1754 2404 1926 2443; x_wconf 79' lang='lat' dir='ltr'>quaeren-</span> 
     </span>
     <span class='ocr_line' id='line_1_86' title="bbox 1136 2447 1928 2504; baseline 0.001 -15"><span class='ocrx_word' id='word_1_448' title='bbox 1136 2463 1191 2490; x_wconf 85' lang='lat' dir='ltr'>tes</span> <span class='ocrx_word' id='word_1_449' title='bbox 1199 2478 1210 2494; x_wconf 87' lang='lat'>,</span> <span class='ocrx_word' id='word_1_450' title='bbox 1222 2464 1266 2489; x_wconf 88' lang='lat' dir='ltr'>ac</span> <span class='ocrx_word' id='word_1_451' title='bbox 1277 2462 1342 2489; x_wconf 86' lang='lat' dir='ltr'>tan</span> <span class='ocrx_word' id='word_1_452' title='bbox 1348 2449 1437 2488; x_wconf 71' lang='lat' dir='ltr'>dem</span> <span class='ocrx_word' id='word_1_453' title='bbox 1447 2450 1685 2500; x_wconf 72' lang='lat' dir='ltr'>invenientes</span> <span class='ocrx_word' id='word_1_454' title='bbox 1696 2477 1705 2493; x_wconf 93' lang='lat'>‚</span> <span class='ocrx_word' id='word_1_455' title='bbox 1729 2447 1777 2487; x_wconf 87' lang='lat' dir='ltr'>ad</span> <span class='ocrx_word' id='word_1_456' title='bbox 1786 2463 1928 2504; x_wconf 73' lang='lat' dir='ltr'>aegram</span> 
     </span>
     <span class='ocr_line' id='line_1_87' title="bbox 1138 2506 1926 2563; baseline -0.001 -15"><span class='ocrx_word' id='word_1_457' title='bbox 1138 2507 1269 2548; x_wconf 80' lang='lat' dir='ltr'>denuo</span> <span class='ocrx_word' id='word_1_458' title='bbox 1292 2520 1516 2563; x_wconf 63' lang='lat' dir='ltr'>reportant:</span> <span class='ocrx_word' id='word_1_459' title='bbox 1549 2520 1666 2560; x_wconf 89' lang='lat' dir='ltr'>quam</span> <span class='ocrx_word' id='word_1_460' title='bbox 1690 2519 1824 2546; x_wconf 88' lang='lat' dir='ltr'>tenero</span> <span class='ocrx_word' id='word_1_461' title='bbox 1837 2506 1926 2547; x_wconf 78' lang='lat' dir='ltr'>affe-</span> 
     </span>
     <span class='ocr_line' id='line_1_88' title="bbox 1140 2563 1926 2622; baseline 0.001 -16"><span class='ocrx_word' id='word_1_462' title='bbox 1140 2569 1201 2606; x_wconf 71' lang='lat' dir='ltr'>c‘tu</span> <span class='ocrx_word' id='word_1_463' title='bbox 1228 2565 1379 2605; x_wconf 59' lang='lat' dir='ltr'>infirma</span> <span class='ocrx_word' id='word_1_464' title='bbox 1410 2563 1649 2610; x_wconf 81' lang='lat' dir='ltr'>exosculata,</span> <span class='ocrx_word' id='word_1_465' title='bbox 1686 2578 1780 2604; x_wconf 88' lang='lat' dir='ltr'>mox</span> <span class='ocrx_word' id='word_1_466' title='bbox 1809 2569 1926 2622; x_wconf 86' lang='lat' dir='ltr'>capiti</span> 
     </span>
     <span class='ocr_line' id='line_1_89' title="bbox 1140 2622 1924 2679; baseline 0.001 -15"><span class='ocrx_word' id='word_1_467' title='bbox 1140 2623 1338 2665; x_wconf 88' lang='lat' dir='ltr'>doloribus</span> <span class='ocrx_word' id='word_1_468' title='bbox 1376 2623 1493 2679; x_wconf 67' lang='lat' dir='ltr'>pleno</span> <span class='ocrx_word' id='word_1_469' title='bbox 1522 2622 1705 2662; x_wconf 87' lang='lat' dir='ltr'>admovit.</span> <span class='ocrx_word' id='word_1_470' title='bbox 1738 2628 1778 2664; x_wconf 68' lang='grc' dir='ltr'>ὃς</span> <span class='ocrx_word' id='word_1_471' title='bbox 1805 2629 1924 2665; x_wconf 73' lang='lat' dir='ltr'>ecce!</span> 
     </span>
     <span class='ocr_line' id='line_1_90' title="bbox 1141 2680 1928 2739; baseline -0.004 -16"><span class='ocrx_word' id='word_1_472' title='bbox 1141 2681 1271 2739; x_wconf 84' lang='lat' dir='ltr'>paullo</span> <span class='ocrx_word' id='word_1_473' title='bbox 1292 2681 1376 2738; x_wconf 89' lang='lat' dir='ltr'>post</span> <span class='ocrx_word' id='word_1_474' title='bbox 1397 2680 1591 2738; x_wconf 85' lang='lat' dir='ltr'>placidum</span> <span class='ocrx_word' id='word_1_475' title='bbox 1603 2682 1644 2719; x_wconf 90' lang='lat' dir='ltr'>in</span> <span class='ocrx_word' id='word_1_476' title='bbox 1661 2680 1840 2721; x_wconf 72' lang='lat' dir='ltr'>somnum</span> <span class='ocrx_word' id='word_1_477' title='bbox 1860 2697 1928 2739; x_wconf 80' lang='lat' dir='ltr'>per</span> 
     </span>
     <span class='ocr_line' id='line_1_91' title="bbox 1138 2736 1930 2793; baseline 0.001 -12"><span class='ocrx_word' id='word_1_478' title='bbox 1138 2741 1389 2782; x_wconf 88' lang='lat' dir='ltr'>semi-horam</span> <span class='ocrx_word' id='word_1_479' title='bbox 1422 2737 1564 2783; x_wconf 59' lang='lat' dir='ltr'>soluta,</span> <span class='ocrx_word' id='word_1_480' title='bbox 1608 2736 1776 2793; x_wconf 82' lang='lat' dir='ltr'>indeque</span> <span class='ocrx_word' id='word_1_481' title='bbox 1798 2740 1930 2782; x_wconf 77' lang='lat' dir='ltr'>denuo</span> 
     </span>
     <span class='ocr_line' id='line_1_92' title="bbox 1140 2796 1928 2856; baseline 0.001 -17"><span class='ocrx_word' id='word_1_482' title='bbox 1140 2801 1358 2856; x_wconf 69' lang='lat' dir='ltr'>experreesta</span> <span class='ocrx_word' id='word_1_483' title='bbox 1382 2827 1392 2843; x_wconf 91' lang='lat'>,</span> <span class='ocrx_word' id='word_1_484' title='bbox 1434 2796 1631 2837; x_wconf 88' lang='lat' dir='ltr'>mediante</span> <span class='ocrx_word' id='word_1_485' title='bbox 1680 2798 1928 2840; x_wconf 60' lang='lat' dir='ltr'>immaculata</span> 
     </span>
     <span class='ocr_line' id='line_1_93' title="bbox 1140 2852 1929 2914; baseline 0 -17"><span class='ocrx_word' id='word_1_486' title='bbox 1140 2861 1300 2914; x_wconf 75' lang='lat' dir='ltr'>Virgine</span> <span class='ocrx_word' id='word_1_487' title='bbox 1320 2886 1330 2902; x_wconf 94' lang='lat'>‚</span> <span class='ocrx_word' id='word_1_488' title='bbox 1360 2855 1408 2896; x_wconf 92' lang='lat' dir='ltr'>ab</span> <span class='ocrx_word' id='word_1_489' title='bbox 1436 2852 1547 2894; x_wconf 71' lang='lat' dir='ltr'>omni</span> <span class='ocrx_word' id='word_1_490' title='bbox 1575 2855 1654 2908; x_wconf 85' lang='lat' dir='ltr'>jam</span> <span class='ocrx_word' id='word_1_491' title='bbox 1693 2857 1929 2911; x_wconf 83' lang='lat' dir='ltr'>aegritudinis</span> 
     </span>
     <span class='ocr_line' id='line_1_94' title="bbox 1138 2911 1928 2969; baseline -0.001 -12"><span class='ocrx_word' id='word_1_492' title='bbox 1138 2914 1312 2957; x_wconf 66' lang='lat' dir='ltr'>molestia</span> <span class='ocrx_word' id='word_1_493' title='bbox 1330 2913 1363 2953; x_wconf 76' lang='lat' dir='ltr'>se</span> <span class='ocrx_word' id='word_1_494' title='bbox 1388 2911 1562 2957; x_wconf 87' lang='lat' dir='ltr'>liberam,</span> <span class='ocrx_word' id='word_1_495' title='bbox 1587 2913 1820 2969; x_wconf 71' lang='lat' dir='ltr'>integratque</span> <span class='ocrx_word' id='word_1_496' title='bbox 1832 2915 1928 2956; x_wconf 82' lang='lat' dir='ltr'>sani·</span> 
     </span>
     <span class='ocr_line' id='line_1_95' title="bbox 1194 2970 1871 3029; baseline -0.012 -13"><span class='ocrx_word' id='word_1_497' title='bbox 1194 2977 1261 3016; x_wconf 84' lang='lat' dir='ltr'>tati</span> <span class='ocrx_word' id='word_1_498' title='bbox 1271 2970 1525 3027; x_wconf 84' lang='lat' dir='ltr'>deprehendit</span> <span class='ocrx_word' id='word_1_499' title='bbox 1537 2970 1756 3013; x_wconf 87' lang='lat' dir='ltr'>restitutam.</span> <span class='ocrx_word' id='word_1_500' title='bbox 1775 2975 1871 3029; x_wconf 67' lang='lat' dir='ltr'>Ray.</span> 
     </span>
     <span class='ocr_line' id='line_1_96' title="bbox 1304 3028 1738 3087; baseline 0.002 -18"><span class='ocrx_word' id='word_1_501' title='bbox 1304 3028 1431 3070; x_wconf 74' lang='lat' dir='ltr'>naudus</span> <span class='ocrx_word' id='word_1_502' title='bbox 1442 3043 1518 3070; x_wconf 81' lang='lat' dir='ltr'>tom.</span> <span class='ocrx_word' id='word_1_503' title='bbox 1529 3038 1563 3069; x_wconf 69' lang='grc' dir='ltr'>δ’.</span> <span class='ocrx_word' id='word_1_504' title='bbox 1572 3041 1653 3087; x_wconf 79' lang='lat' dir='ltr'>pag.</span> <span class='ocrx_word' id='word_1_505' title='bbox 1667 3046 1738 3077; x_wconf 75' lang='lat'>323.</span> 
     </span>
    </p>
   </div>
   <div class='ocr_carea' id='block_1_10' title="bbox 1492 3143 1578 3171">
    <p class='ocr_par' dir='ltr' id='par_1_11' title="bbox 1492 3143 1578 3171">
     <span class='ocr_line' id='line_1_97' title="bbox 1492 3143 1578 3171; baseline 0 0"><span class='ocrx_word' id='word_1_506' title='bbox 1492 3143 1511 3165; x_wconf 60' lang='lat' dir='ltr'>a</span> <span class='ocrx_word' id='word_1_507' title='bbox 1554 3146 1578 3171; x_wconf 59' lang='grc' dir='ltr'>ιε</span> 
     </span>
    </p>
   </div>
   <div class='ocr_carea' id='block_1_11' title="bbox 1521 3181 1540 3199">
    <p class='ocr_par' dir='ltr' id='par_1_12' title="bbox 1521 3181 1540 3199">
     <span class='ocr_line' id='line_1_98' title="bbox 1521 3181 1540 3199; baseline 0 0"><span class='ocrx_word' id='word_1_508' title='bbox 1521 3181 1540 3199; x_wconf 72' lang='lat'>÷&lt;</span> 
     </span>
    </p>
   </div>
   <div class='ocr_carea' id='block_1_12' title="bbox 1976 349 2110 415">
    <p class='ocr_par' dir='ltr' id='par_1_13' title="bbox 1976 349 2110 415">
     <span class='ocr_line' id='line_1_99' title="bbox 1976 349 2110 415; baseline -0.052 0"><span class='ocrx_word' id='word_1_509' title='bbox 1976 349 2110 415; x_wconf 68' lang='lat'><strong>480.&#39;</strong></span> 
     </span>
    </p>
   </div>
   <div class='ocr_carea' id='block_1_13' title="bbox 2148 2731 2164 3280">
    <p class='ocr_par' dir='ltr' id='par_1_14' title="bbox 2148 2731 2164 3280">
     <span class='ocr_line' id='line_1_100' title="bbox 2148 2731 2164 3280; baseline 0 133"><span class='ocrx_word' id='word_1_510' title='bbox 2148 2731 2164 3280; x_wconf 95' lang='lat' dir='ltr'> </span> 
     </span>
    </p>
   </div>
  </div>
 </body>
</html>
