2164 3413
329 196 451 223 onem
469 177 807 236 impendendam,
838 175 890 217 ad
911 176 1028 230 cujus,
1048 188 1132 214 non

328 241 421 282 dico
458 238 656 285 haustum,
687 236 751 278 sed
783 239 954 293 primum
976 234 1133 274 tantum

328 299 560 342 odoratum,
588 295 688 338 adeo
712 293 934 337 debilitatus
954 292 1009 333 est
1019 293 1132 332 Luci-

327 357 386 400 fer
400 388 411 405 ,
442 371 484 399 ut
501 355 682 398 omnibus
693 354 834 396 viribus
847 349 1129 395 deficientibus,

328 433 375 459 ac
405 430 510 458 totus
552 414 576 456 ὲ
600 411 890 471 pulchritudine
931 408 1131 467 puriffimae

327 479 470 517 animae
507 486 742 519 excaecatus,
782 469 935 512 nullam
960 471 996 509 ei
1018 470 1099 509 vim
1117 493 1131 511 ‚

325 548 393 576 aut
436 546 723 574 nocumentum
765 533 809 571 in
852 529 1132 585 Conceptione

326 591 458 635 afferre
467 594 651 650 potuerit.

742 80 837 144 De
858 77 1153 160 Concepta
1173 78 1330 140 Sacra
1346 73 1605 155 Deiparfi.

1322 221 1363 273 §.
1379 227 1429 281 7.
1466 210 1828 282 Anagramma.

1253 310 1447 373 AgnVM
1474 306 1568 351 DEI
1603 307 1725 364 era
1761 300 1915 365 {ipeC-

1438 378 1560 424 Cato
1588 377 1747 437 parles.

1180 468 1299 506 Verum
1316 464 1419 502 DEI
1429 462 1565 518 Agnum
1587 460 1741 501 intaeta&
1762 460 1845 500 malo
1858 460 1981 517 paries.

1413 520 1547 562 Versio
1563 519 1749 560 litteralis.

1210 582 1291 621 Ave
1299 578 1436 625 Maria,
1448 578 1562 636 gratia*
1563 578 1677 636 plena,
1692 578 1854 618 Dominus
1864 591 1979 617 tecum.

549 902 703 984 De)
732 892 1114 1001 Concepta
1138 889 1354 971 Sacra
1393 889 1730 996 Deipara.

629 1050 1328 1131 CONCEPTUS
1434 1049 1671 1120 LXV.

1175 1198 1253 1224 tum
1264 1183 1327 1222 oleo
1339 1180 1456 1221 Iaetitiae
1468 1206 1483 1224 >
1511 1191 1675 1223 omnem
1687 1182 1877 1225 tristitiam
1887 1198 1978 1240 pro-

524 1227 566 1281 ς.
582 1236 619 1273 1.
653 1219 912 1292 Scriptura.

345 1342 498 1405 VIrgo
516 1335 640 1403 ere
661 1342 935 1403 ConCepta‚
950 1345 1087 1410 NIgra

552 1408 645 1458 seD
665 1410 883 1459 forMosa.

315 1495 433 1536 Cant.
449 1509 481 1534 c.
493 1510 519 1535 1.
546 1510 580 1537 v.
605 1508 642 1547 4.
671 1496 788 1554 Nigra
791 1495 881 1550 siim,
897 1496 1116 1556 sidffirmose't,

459 1572 538 1613 Uid
559 1571 614 1613 est
635 1572 714 1612 hoc
735 1585 747 1613 ,²
778 1572 1015 1617 dilectiffima
1037 1580 1121 1633 Spi-

318 1586 590 1746 Qritfis*
614 1633 742 1672 Sansti
785 1633 931 1688 Sponsa
951 1662 962 1679 ,
994 1638 1118 1692 Virgo

486 1689 700 1730 Beatiffima
728 1694 736 1730 !
768 1689 877 1745 quod
915 1695 1038 1733 Sacris
1076 1698 1119 1734 in

314 1750 513 1794 Canticis,
544 1751 658 1804 nigro
675 1745 941 1806 Temetipsam
964 1750 1119 1793 calculo

316 1807 528 1847 describere
546 1821 632 1847 non
663 1810 827 1848 verearis
846 1837 859 1855 ,
904 1809 1078 1851 dicendo
1106 1828 1116 1850 z

148 1387 285 1447 449·

315 1865 535 1922 Nigrafhm,
561 1874 625 1908 &a
648 1865 676 1905 ,Ρ
703 1864 860 1923 Ergone
881 1869 966 1912 Tu,
996 1884 1118 1923 quam

314 1927 406 1966 nive
417 1924 688 1978 candidiorem
697 1924 847 1981 semper
863 1924 1092 1983 suspeximus
1102 1958 1116 1976 ,

313 1997 433 2037 quam
454 1979 573 2023 telam
595 1983 786 2024 mundam
827 1989 940 2025 omni
960 1999 1117 2044 tempo-

314 2057 355 2082 re
385 2040 640 2086 credidimus,
668 2056 785 2096 quam
806 2043 1117 2088 candidissimam

315 2103 420 2157 pacis
455 2098 682 2141 columbam
719 2100 904 2142 haerentis
941 2110 1115 2147 venerati

312 2158 460 2201 sumus,
488 2158 734 2214 nigredinem
772 2160 927 2201 induisti
943 2191 955 2208 ‚
1002 2163 1113 2205 colo-

313 2221 344 2257 ri
363 2215 535 2258 candido
554 2231 622 2273 per
641 2220 777 2257 omnia
805 2218 1075 2263 adversantem
1099 2236 1112 2264 ,2

311 2279 374 2318 An
387 2274 527 2321 nescis,
556 2274 777 2316 destitutam
798 2277 912 2319 omni
933 2277 1020 2320 luce
1050 2283 1110 2321 ni-

312 2335 539 2391 gredinem?
569 2334 774 2389 quomodo
800 2337 895 2393 ergo
915 2337 1110 2382 adhaerere

311 2393 382 2435 tibi
404 2394 469 2434 hic
489 2391 600 2434 color
610 2392 788 2434 obscurus
799 2402 964 2450 poterit,
989 2412 1109 2452 quam

311 2455 423 2493 omni
433 2467 480 2492 ex
493 2465 599 2508 parte
623 2450 709 2492 luce
729 2452 928 2500 vestitam,
959 2469 1108 2500 corona

311 2509 508 2551 stellarum
529 2510 739 2552 duodecim
755 2514 795 2552 in
817 2515 965 2569 capite,
996 2517 1107 2558 Luna

311 2568 377 2611 sub
388 2568 569 2625 pedibus,
599 2568 663 2611 Sol
680 2583 766 2610 toto
778 2573 819 2610 in
839 2587 1002 2628 corpore
1042 2590 1109 2616 ex-

310 2640 446 2669 ornat?
470 2631 550 2686 Qae
559 2629 642 2667 enim
650 2628 780 2683 so'cietas
794 2628 857 2669 luci
876 2629 924 2670 ad
936 2631 1106 2673 tenebra?

308 2690 371 2728 An
384 2685 502 2726 nescis
519 2715 531 2731 ,
565 2687 775 2743 nigredinis
795 2687 902 2730 usum
923 2691 965 2729 in
990 2691 1103 2732 tristi-

308 2745 376 2787 bus
394 2743 620 2802 plerumc'we
649 2746 871 2793 eventibus,
901 2763 946 2788 ac
966 2751 1102 2791 mortis

306 2803 449 2845 casibus
462 2803 659 2849 adhiberi,
687 2810 728 2846 &
746 2804 794 2845 ad
805 2820 963 2861 peccata
984 2808 1101 2864 potisl

306 2863 443 2903 fimum
454 2861 581 2903 referri
594 2874 604 2902 .>
621 2864 842 2918 Qlomodo
852 2865 944 2922 ergo
957 2879 996 2906 tu
1007 2868 1101 2924 nigra

303 2921 442 2961 dicaris
457 2947 468 2964 ‚
500 2923 540 2961 in
553 2920 710 2975 qudnec
721 2922 869 2964 tristitia
884 2953 895 2969 ,
924 2939 997 2964 nec
1009 2940 1100 2981 pec-

300 2993 431 3020 catum
444 2977 524 3019 ullo
541 2993 747 3020 momento
768 2980 900 3022 locum
928 2987 1101 3025 invenire

302 3041 450 3094 potuit?
480 3037 630 3086 Dilexisti
665 3042 772 3079 enim
795 3069 806 3086 ,
832 3041 989 3095 justitiam
1032 3048 1098 3092 (ut

301 3110 391 3136 cum
405 3093 594 3137 Psalmistfl
607 3095 763 3150 loquar)
796 3099 929 3153 &odisti
940 3101 1094 3156 iniquita-

299 3169 379 3196 tem:
407 3153 573 3211 propient}
585 3156 680 3194 unxit
691 3157 739 3195 7}
754 3157 789 3194 D
800 3159 837 3195 E
845 3162 918 3202 HS,
940 3159 976 3197 D
986 3161 1024 3198 E
1033 3168 1067 3200 ll
1075 3165 1102 3201 S

133 2652 158 2670 ε·
179 2642 238 2670 Co-

132 2682 219 2712 tinth.
230 2687 256 2714 60

132 2734 158 2753 v.
174 2732 222 2764 ¹4·

121 3126 187 3157 Psal.
196 3135 246 3168 44.

1174 1241 1384 1283 scribentis.

1176 1299 1341 1355 rumdue
1373 1301 1538 1353 repntari
1572 1300 1817 1357 nigredinem
1831 1314 1842 1341 .>
1870 1316 1978 1356 Juxta

1171 1358 1268 1400 illud
1281 1355 1472 1399 Martialis
1486 1372 1495 1395 ;

1258 1438 1331 1479 I-Izc
1367 1440 1458 1494 niger
1496 1438 1568 1492 est:
1617 1438 1701 1480 hunc
1748 1454 1785 1480 tu
1822 1443 1974 1497 quam

1401 1510 1515 1537 caveto
1528 1497 1540 1535 .'

1454 1242 1516 1280 An
1541 1239 1658 1282 nescis
1679 1269 1690 1285 ‚
1720 1241 1881 1308 exosam
1896 1243 1976 1299 ple„

1170 1573 1392 1628 Qomodo
1404 1588 1499 1629 ergo
1515 1576 1579 1614 Tu
1592 1574 1685 1630 nigra
1696 1604 1706 1620 ,
1745 1590 1829 1629 quae
1844 1581 1971 1617 nemi·

1169 1634 1210 1670 ni
1228 1631 1340 1672 exosa
1355 1661 1366 1678 ,
1404 1632 1467 1673 sed
1488 1634 1609 1672 Mater
1632 1633 1781 1673 amabilis
1803 1663 1814 1680 ,
1847 1637 1971 1675 Mater

1160 1689 1303 1745 pulchrae
1317 1690 1513 1737 dileffionbs,
1544 1690 1594 1731 ab
1614 1691 1813 1732 universali
1836 1694 1971 1735 Eccle-

1166 1747 1216 1787 fia
1232 1754 1495 1790 communiter
1510 1748 1700 1791 salutaris?
1739 1753 1888 1794 Verum
1904 1767 1971 1794 au—

1167 1804 1251 1847 dire
1275 1808 1377 1848 mihi
1414 1809 1552 1849 videor
1609 1811 1794 1850 MAMAM
1828 1810 1878 1851 fic
1910 1827 1971 1852 re-

1166 1863 1449 1921 spondentem:
1479 1867 1595 1924 Nigra
1597 1867 1692 1923 fiam,
1723 1868 1876 1915 fateor,
1904 1869 1969 1912 sed

1165 1923 1304 1966 nonne
1334 1929 1445 1983 nigra
1486 1925 1715 1982 plerquue
1751 1928 1931 1969 videntur
1954 1959 1967 1976 ,

1167 1983 1413 2038 quaeanobis
1431 1984 1518 2026 sunt
1544 1986 1812 2028 remotissima?
1843 1988 1892 2028 fic
1923 1994 1966 2030 ὃς

1166 2057 1243 2099 ego
1263 2045 1377 2102 nigra,
1408 2043 1458 2085 εὸ
1479 2042 1587 2099 quod
1599 2045 1652 2085 ob
1672 2060 1875 2101 peccatum
1889 2050 1966 2087 ori-

1164 2101 1316 2157 ginale,
1345 2103 1624 2158 vobisquidem
1637 2104 1821 2146 omnibus
1840 2135 1850 2151 ,
1882 2121 1967 2146 non

1163 2174 1293 2202 autem
1330 2163 1452 2208 mihi,
1484 2161 1507 2202 τὶ
1531 2166 1795 2219 conceptione
1833 2164 1964 2205 adhae-

1162 2232 1248 2259 rens
1263 2249 1273 2267 ,
1290 2219 1410 2277 longe
1433 2219 1455 2261 ἐι
1475 2220 1585 2262 vobis
1605 2221 1673 2261 fim
1701 2224 1961 2264 remotiffima.

1160 2278 1284 2334 Nigra
1311 2279 1385 2334 fiam
1409 2309 1419 2326 ‚
1447 2279 1572 2321 fateor
1589 2309 1600 2326 ,
1631 2280 1695 2321 sed
1724 2287 1766 2323 ὃς
1790 2281 1958 2336 formasti,

1159 2350 1242 2376 non
1260 2337 1329 2378 tali
1350 2337 1483 2379 aflecta
1504 2339 1730 2395 nigredine,
1770 2355 1854 2395 quse
1880 2341 1960 2380 for-

1158 2408 1266 2436 mam
1287 2396 1542 2443 dehonestet,
1571 2396 1634 2439 sed
1647 2413 1732 2453 quae
1746 2402 1959 2454 potiusmi-

1157 2468 1243 2494 rum
1260 2458 1301 2495 in
1322 2457 1487 2497 modum
1509 2457 1697 2498 adornet:
1729 2458 1842 2512 nigra,
1874 2473 1959 2499 non

1158 2512 1212 2552 ob
1258 2513 1436 2570 culpam,
1466 2514 1530 2555 sed
1581 2515 1635 2556 ob
1683 2515 1955 2557 humilitatem.

1157 2573 1282 2628 Nigra
1295 2573 1392 2628 fiam,
1413 2573 1638 2629 fidsormostt:
1664 2574 1757 2629 mgr-a
1780 2573 1834 2614 ob
1850 2575 1959 2616 debi-

1158 2643 1242 2670 tum
1263 2632 1523 2673 contrahendi
1549 2635 1720 2688 peccati,
1742 2633 1885 2689 formofiz
1901 2634 1956 2675 ob

1150 2702 1357 2744 peccatum
1395 2690 1560 2732 minime
1589 2693 1855 2732 contractum:
1879 2694 1955 2748 for-

1150 2747 1255 2802 m0fi22
1276 2753 1366 2803 quia
1377 2749 1572 2806 pulchrior
1591 2747 1747 2803 reliquis
1769 2751 1953 2792 omnibus

1152 2811 1353 2848 creaturis:
1382 2809 1499 2863 nigra,
1530 2810 1620 2862 quia
1640 2823 1722 2848 non
1745 2823 1825 2849 tam
1866 2810 1951 2866 pul-

1150 2865 1265 2909 chra,
1296 2865 1413 2920 quam
1437 2865 1550 2906 Filius
1576 2881 1692 2906 meus.
1715 2866 1858 2922 sormofiz
1880 2898 1890 2914 ,
1922 2869 1949 2908 fi

1150 2922 1227 2963 sola
1261 2922 1443 2978 spectetur
1467 2927 1605 2979 puritas
1624 2940 1739 2966 mea:
1772 2927 1889 2982 nigra,
1920 2928 1947 2967 fi

1151 2982 1317 3022 modum
1330 2982 1531 3022 attendere
1564 2983 1714 3039 placeat
1735 2983 1948 3039 pulchritu-

1149 3040 1272 3086 dinis,
1303 3040 1438 3096 utpote
1464 3056 1546 3080 non
1569 3041 1768 3088 naturalis,
1799 3042 1860 3082 sed
1873 3047 1948 3100 pri-

1144 3098 1343 3154 vilegiatae.
1374 3114 1487 3154 atque
1500 3100 1599 3140 adeo
1609 3100 1804 3140 decoloravit
1820 3117 1868 3139 me
1880 3102 1943 3146 Sol,
1964 3128 2047 3156 eant.
2062 3134 2084 3153 h

1148 3160 1315 3199 Divinus
1353 3157 1494 3199 scilicet
1536 3159 1649 3199 Filius
1671 3175 1777 3200 meus
1795 3188 1805 3205 ³
1838 3163 1943 3215 Speci-
1965 3178 2025 3201 v-5-

1844 3224 1912 3271 ojm·

2004 340 2137 402 448.

2156 3179 2158 3249 i

2155 3253 2157 3303 ἒ
