2164 3413
112 469 142 500 1..
154 470 187 500 de
197 479 260 509 pro-

110 516 191 554 priet.
203 522 252 544 ret.

110 925 196 951 serm.
210 933 235 951 2.

111 965 144 994 de
154 968 181 995 B.
192 968 228 1000 V.

117 1933 211 1958 e.9.v·
226 1933 256 1961 4.

124 2395 207 2421 Cant.
219 2396 246 2421 8.

125 2819 156 2847 L.
173 2827 197 2848 1.
205 2817 239 2846 de

125 2869 183 2888 uat-
191 2860 253 2888 aui-

126 2901 193 2930 mll-

283 198 409 251 mssnulli
421 194 548 254 penitus
558 192 648 234 cedat
656 193 821 236 'materiae3
853 191 929 247 quia
942 206 996 229 nec
1007 189 1079 244 fer-

284 273 319 296 ro
328 256 498 311 frangitur
514 283 525 300 ‚
554 269 610 293 nec
625 254 695 309 igne
710 250 832 305 calefiit
855 267 862 289 :
894 249 1077 290 adaman-

285 319 365 355 tina
385 317 565 370 Deiparae
577 312 694 367 frons,
738 313 779 349 in
801 309 1077 363 Conceptione

284 371 493 430 puriffimfi,
527 370 623 411 nulli
637 367 739 410 ceffit
760 365 955 408 violentiae
990 380 1078 421 pec-

284 435 371 473 cati.
405 433 559 472 Dicitur
571 429 754 469 nimirum
765 425 933 466 Adamas
948 437 1078 479 gemma

285 489 546 530 reconciliationis
575 495 613 530 (θ’
634 485 775 529 amoris,
819 489 860 525 ἃ.
881 482 964 523 talis
991 496 1078 521 om-

286 548 384 589 nino
419 548 490 588 fuit
515 549 722 589 MARIA,
751 556 836 597 quae
885 542 1079 595 quampri-

286 610 396 647 mum
418 608 565 661 incepit
594 601 688 648 esse,
718 600 860 642 eodem
888 597 1045 639 instanti
1066 624 1078 641 ‚

283 665 383 706 adeo
407 679 539 704 amore
558 661 622 702 suo
634 662 794 702 DEUM
805 656 1006 703 inescavit,
1038 669 1080 697 ut

283 726 360 778 ejus
381 722 512 780 postea
535 720 674 761 Filium
696 718 745 759 ab
760 731 904 758 aeterno
926 718 1081 756 Paterni

284 783 381 822 finus
412 780 609 825 accubitu,
641 782 681 818 in
698 779 888 834 gremium
909 774 1014 815 suum
1025 787 1081 813 at-

284 843 440 882 traxerit
456 858 464 880 :
479 854 521 880 ut
534 853 617 879 non
630 833 826 877 immerito
839 833 861 874 a
872 832 1079 888 Seraphico

286 903 461 940 Doctore
486 901 634 939 MARIA
661 895 808 935 dicatur
837 891 1080 932 AdamasVer-

286 958 338 1003 bi5
375 959 449 1014 quia
467 955 543 1004 ficut
557 953 702 995 Adamm
716 952 762 992 ad
761 951 797 1008 [ἑ
813 952 941 1006 ferrum
964 949 1077 994 trahit,

278 1016 325 1072 fic
358 1018 409 1055 “M
417 1018 459 1054 A
466 1017 544 1069 RI
546 1016 588 1053 A
616 1011 660 1052 ad
673 1012 709 1066 se
729 1009 863 1050 deduxit
882 1007 920 1047 de
932 1007 1079 1063 supernis

288 1074 424 1114 Verbum
439 1074 541 1112 DEJ.
600 1071 774 1124 Ofi‘ontem
787 1070 900 1123 igitur
910 1065 1074 1106 felicem!

286 1136 375 1187 quia
394 1133 535 1186 frontem
565 1127 826 1169 Adamantinam
849 1154 860 1171 ‚
894 1122 1076 1164 omnibus

285 1191 448 1231 aliorum
464 1218 473 1234 ‚
504 1190 621 1228 etiam
643 1184 964 1226 Sanctiffimorum
974 1185 1076 1223 viro.

285 1264 368 1289 rum
388 1274 399 1290 2
420 1245 586 1301 frontibus
604 1242 841 1285 valentiorem!

387 1305 512 1346 Lubet
536 1303 600 1344 hic
613 1332 623 1349 ,
654 1317 724 1358 pro
743 1298 1047 1342 demonstrando
1061 1323 1074 1342 2

283 1367 468 1405 MAR1AM
483 1367 604 1408 inter,
638 1367 678 1403 &
703 1360 796 1401 alios
817 1360 974 1400 Sanaos
1016 1356 1074 1397 di-

284 1423 483 1468 scrimine,
515 1421 595 1461 duo
616 1423 736 1461 Sacrae
753 1420 953 1473 Scripturae
973 1415 1078 1461 loca,

284 1480 412 1540 prima
436 1481 563 1521 fronte
586 1480 781 1519 contraria
805 1505 816 1522 ‚
844 1479 885 1515 in
906 1474 1080 1515 medium

287 1539 500 1580 adducere:
525 1536 828 1578 manifestaturus
847 1537 953 1575 enim
972 1535 1082 1573 DEus

289 1597 427 1654 Apocal.
447 1614 471 1637 c.
484 1615 517 1645 7.
540 1600 701 1650 quinam
722 1593 841 1635 essent
860 1591 1013 1638 fideles,
1037 1605 1082 1632 ac

290 1659 368 1697 veri
383 1657 460 1710 ejus
477 1655 599 1695 servi?
641 1653 759 1693 dixit:
792 1652 885 1693 tales
898 1653 938 1691 in
954 1649 1077 1705 fronte,

287 1713 409 1770 sigillo
424 1716 581 1754 Divinae
599 1714 728 1768 gratia:
740 1709 812 1751 effe
837 1709 1077 1765 obfignatos:

286 1772 483 1829 quoadusque
506 1770 664 1827 fignemus
679 1769 795 1825 servos
818 1770 936 1807 DEI
959 1766 1080 1821 nostri,

288 1832 322 1870 in
333 1830 499 1885 frontibus
516 1844 632 1869 eorum.
667 1826 803 1883 quibus
827 1826 910 1867 haec
931 1823 1081 1879 subjun-

288 1892 346 1929 xit
370 1889 485 1930 verba
517 1887 710 1943 Propheta
726 1883 919 1938 'Ezechiel
945 1900 956 1924 .·
985 1884 1082 1939 Signa

289 1949 384 1988 wau
398 1974 408 1991 ,
429 1945 525 2003 fitper
535 1946 662 2000 frontes
681 1945 838 1989 virorum,
854 1952 919 1986 &a
995 1944 1080 1982 To-

287 2020 372 2047 tum
397 2004 614 2062 oppositum
636 2002 727 2044 alibi
751 2005 793 2043 in
811 1999 1001 2057 Scriptura
1024 1999 1077 2040 le-

290 2068 413 2121 gitur3
443 2061 696 2120 praeterquam
707 2064 837 2105 enim,
862 2059 968 2115 quod
979 2061 1078 2099 MA-

290 2124 383 2163 RIA
403 2122 551 2162 dicatur
576 2119 718 2160 habere
733 2119 905 2160 frontem
924 2117 1081 2157 duriorem

280 2180 445 2235 frontibus
484 2194 589 2219 eorum
607 2205 619 2222 ‚
649 2181 701 2218 ait
738 2176 887 2232 insuper
926 2178 1083 2231 Spiritus

291 2242 468 2281 Sanctus,
498 2237 605 2278 illam
616 2250 771 2291 quoque
791 2233 814 2275 a
828 2236 945 2276 DEO
968 2235 1082 2274 Divi-

294 2313 352 2338 nae
365 2300 492 2354 gratiae
507 2294 628 2353 sigillo
639 2293 879 2351 obsignatam
890 2291 961 2333 effe
971 2320 981 2337 ,
997 2306 1081 2332 non

294 2358 451 2411 quidem
462 2359 502 2395 in
517 2354 670 2396 fronte,
703 2353 817 2393 sedin
842 2350 985 2391 corde:
1018 2353 1084 2389 Po-

295 2431 332 2454 ne
351 2431 398 2454 me
413 2429 449 2454 ut
459 2412 656 2470 fignaculum
668 2440 677 2456 ‚
696 2410 792 2467 ficper
806 2426 857 2449 cor
876 2410 979 2448 tuum!
990 2408 1083 2463 quid

295 2473 418 2528 quaeso
443 2472 520 2512 hoc
549 2470 757 2527 fignificat.
798 2467 893 2510 alios
927 2470 1084 2509 Sanaos

293 2530 510 2588 obfignatos
560 2531 595 2569 in
623 2527 788 2584 frontibus
816 2542 945 2572 eorum,
975 2528 1084 2567 MA-

297 2591 437 2631 RIAM
453 2584 550 2646 ficper
568 2604 620 2627 cor
639 2586 735 2642 ficum
748 2586 774 2625 ,Ρ
805 2600 872 2625 cur
893 2599 975 2625 non
995 2599 1082 2624 om-

297 2664 364 2688 nes
379 2646 486 2688 simul
507 2660 572 2687 aut
586 2649 627 2686 in
640 2644 767 2685 fronte
783 2669 794 2687 ‚
815 2657 879 2683 aut
890 2646 931 2682 in
942 2642 1058 2682 corde
1070 2655 1085 2683 .>

298 2712 351 2747 Ut
379 2707 563 2746 nimirum
602 2702 903 2758 intelligeremus
929 2729 940 2746 ,
976 2700 1084 2755 quod

295 2763 628 2820 quemadmodum
671 2767 682 2811 (
708 2760 800 2801 teste
838 2758 1040 2801 Aristotele
1072 2765 1083 2808 )

296 2838 430 2864 natura
444 2826 485 2862 in
496 2823 763 2879 generatione,
794 2823 835 2860 ὃ(
852 2817 1085 2859 formatione

298 2882 492 2927 hominis,
523 2894 612 2921 ante
651 2880 785 2920 omnia
814 2875 941 2932 primo
973 2874 1085 2916 effor-

297 2953 379 2980 mat
406 2942 510 2985 Cor,
542 2952 727 2992 tanquam
747 2930 996 2977 necessarium
1014 2934 1085 2974 hu-

297 3013 421 3038 mana:
437 2997 623 3037 struaurae
637 2995 934 3037 fundamentum
946 3022 957 3039 ‚
990 3006 1030 3033 ut
1041 2992 1086 3033 fit

297 3071 431 3112 parens
471 3054 666 3111 spirituum
707 3051 884 3096 vitalium
906 3081 916 3098 ,
947 3050 1085 3091 fornax

296 3113 432 3153 caloris
452 3112 653 3158 naturalis,
691 3113 921 3169 principium
938 3110 1089 3156 motus,

300 3179 340 3214 δ(
364 3174 476 3212 unica
486 3174 572 3212 vitae
592 3169 698 3211 causa
720 3185 727 3209 :
763 3167 1085 3225 Corqstprimumwi-

1119 769 1234 824 ſsxtus
1255 770 1294 822 cst
1313 768 1368 808 illi.

684 94 781 157 vDe
801 92 1095 173 Concepta
1115 90 1269 151 Sacra
1288 86 1542 167 Deipara.

1128 199 1228 226 vens:
1261 184 1402 225 deinde
1415 185 1583 240 primum
1605 180 1781 239 procedit
1794 180 1840 222 ad
1852 174 1920 221 'ali-

1129 260 1167 284 as
1188 246 1360 300 corporis
1390 256 1534 298 partes:
1566 240 1748 286 tandem,
1776 241 1919 283 &ulti-

1127 302 1196 343 mo
1226 302 1368 342 format
1386 314 1502 356 caput
1517 330 1527 346 ,
1557 313 1744 354 tanquam
1762 299 1918 345 realem,

1128 367 1168 403 ἂ
1188 375 1319 402 veram
1341 375 1368 412 5.
1381 358 1552 400 sensuum
1581 358 1730 405 sedem5
1760 358 1809 399 fic
1830 358 1916 400 reli-

1127 423 1192 474 qui
1213 422 1339 460 Saneti
1361 447 1370 463 ‚
1401 420 1556 471 Deique
1590 416 1682 458 strvi
1726 416 1916 474 obsignati

1127 477 1286 532 quidem
1300 477 1440 517 fuerint
1454 505 1465 522 ‚
1495 475 1557 516 sed
1582 490 1665 516 non
1684 476 1752 515 nisi
1776 478 1810 515 in
1821 477 1918 531 fron-

1127 536 1231 581 tibus,
1262 535 1301 575 id
1318 534 1393 579 est,
1426 533 1630 590 postquam
1647 538 1748 579 nati,
1780 533 1918 575 velfiil-

1129 608 1209 634 tem
1263 591 1427 649 perfecte
1466 592 1646 638 formati,
1676 606 1717 633 ut
1747 598 1917 644 Joannes

1128 651 1295 708 Baptista
1320 681 1331 697 ‚
1374 651 1438 691 diu
1482 650 1566 706 post
1611 656 1915 707 conceptionem

1130 711 1408 755 Sanffificatus‚
1440 710 1546 762 juxta
1568 707 1683 750 illud:
1711 711 1782 751 Hic
1805 710 1913 766 menfis
1935 733 2002 764 Luc.
2032 743 2047 763 c
2065 744 2090 765 ,-

1429 770 1480 808 At
1503 770 1685 809 MARIAM
1704 768 1778 810 illis
1790 775 1919 812 omni-
1939 786 1965 807 v.
1983 782 2031 812 36·
2050 757 2056 765 ι
2080 756 2090 766 .

1130 827 1197 867 bus
1224 825 1342 883 longe
1369 825 1646 873 valentiorem,
1678 827 1920 886 obsignatam

1129 884 1254 930 fuisse,
1284 900 1367 925 non
1394 888 1433 924 in
1453 885 1564 939 fronte
1585 889 1763 933 tantum,
1799 903 1839 930 ut
1851 890 1919 934 illi,

1128 943 1190 984 fied
1217 947 1256 984 in
1281 943 1393 990 corde,
1423 942 1541 990 adeo,
1572 957 1615 984 ut
1629 943 1720 986 licet
1737 948 1918 990 nondum

1127 1001 1291 1059 perfecte
1313 1001 1478 1043 formata
1495 1029 1506 1045 ‚
1537 1007 1828 1059 quamprimum
1857 1011 1917 1047 in-

1124 1065 1227 1117 cepit
1243 1060 1333 1107 effe,
1365 1060 1520 1117 fignam,
1551 1060 1729 1117 figillata‚
1761 1079 1805 1104 ac
1824 1079 1917 1121 prae-

1124 1118 1264 1161 lervata
1279 1119 1391 1161 fuerit
1407 1118 1455 1159 ab
1474 1124 1585 1160 omni
1596 1120 1710 1177 culpa
1727 1151 1739 1168 ,
1762 1137 1834 1163 nec
1847 1139 1917 1165 un-

1125 1193 1243 1232 quam
1259 1177 1497 1234 principiarit
1520 1181 1670 1226 vivere,
1705 1184 1799 1235 quin
1812 1182 1920 1224 fimul

1125 1236 1239 1277 omni
1251 1236 1424 1276 adamante
1435 1266 1446 1283 ‚
1477 1243 1516 1279 ὠ·
1522 1235 1610 1293 filice
1617 1237 1757 1292 fortior,
1789 1241 1918 1283 exclu-

1126 1293 1165 1335 so
1199 1294 1311 1335 omni
1350 1308 1533 1351 peccam,
1566 1297 1804 1353 principifirit
1846 1300 1920 1342 esse

1124 1357 1266 1410 gratiae,
1285 1352 1501 1409 amorisque
1513 1355 1660 1396 Divini.
1718 1358 1778 1397 En
1795 1362 1802 1397 Ξ
1825 1373 1923 1413 quo-

1126 1412 1251 1453 modo
1281 1411 1395 1453 facies
1420 1415 1577 1454 MAR1AE
1598 1412 1710 1454 fuerit
1726 1414 1919 1459 valentior

1127 1470 1295 1511 faciebus
1319 1486 1478 1517 eorum,
1508 1478 1548 1513 ἃ
1571 1470 1677 1512 frons
1702 1473 1919 1517 adamanti-

1129 1545 1180 1570 na
1201 1529 1337 1570 fortior
1352 1529 1542 1571 frontibus
1559 1545 1708 1572 eorum.
1737 1533 1822 1574 Ah!
1846 1541 1920 1575 uti-

1129 1602 1223 1628 nam
1238 1603 1309 1628 nos
1324 1616 1335 1633 ‚
1365 1592 1430 1642 qui
1460 1591 1501 1627 in
1523 1602 1685 1644 peccato
1700 1594 1826 1632 vivere
1842 1608 1922 1634 coe-

1127 1649 1253 1702 pimus
1267 1674 1279 1692 ,
1310 1645 1443 1686 saltem
1459 1649 1500 1686 in
1522 1646 1645 1703 gratia
1673 1651 1795 1690 vitam
1815 1650 1925 1693 claui

1127 1704 1263 1745 damus
1284 1733 1295 1750 ‚
1320 1720 1366 1745 ac
1387 1704 1638 1746 adamantina
1660 1705 1886 1750 fortitudine
1908 1737 1922 1756 ,

1128 1778 1196 1819 per
1208 1761 1497 1804 immaculatam
1513 1765 1726 1820 Deiparam
1745 1766 1922 1816 obtenta,

1130 1820 1303 1862 hostibus
1327 1821 1465 1862 nostris
1494 1821 1678 1877 generose
1694 1824 1921 1868 refistamus!

1133 1880 1173 1920 id
1189 1879 1332 1936 sperare
1354 1879 1460 1934 jubet
1474 1884 1644 1937 Virginis
1659 1884 1700 1923 in
1723 1876 1789 1924 fibi
1802 1884 1923 1927 devo-

1133 1951 1192 1979 tos
1235 1942 1352 1994 pietas
1383 1956 1393 1985 5
1443 1940 1776 1993 quemadmodum
1813 1947 1922 1985 enim

1134 2002 1145 2048 (
1170 1996 1262 2038 teste
1274 1999 1398 2038 Pierio
1409 1997 1617 2041 Valeriano
1638 2004 1649 2048 )
1681 1999 1717 2039 id
1725 2000 1848 2055 infitum
1859 2003 1923 2042 Di.
1944 2008 2060 2039 ‹icada-

1129 2055 1252 2095 ‘vinitits
1265 2055 1380 2096 babere
1387 2056 1500 2111 fertur
1509 2056 1673 2103 Adamaa,
1705 2073 1741 2098 ut
1762 2075 1895 2101 mentem
1909 2091 1921 2108 ‚
1943 2061 2034 2081 mant.

1131 2115 1331 2170 animumq'ue
1342 2115 1497 2171 gestantis
1513 2127 1604 2156 ‘vano
1620 2130 1705 2156 metu
1716 2116 1825 2159 liberet
1835 2147 1846 2165 ‚
1874 2135 1920 2160 ac

1133 2186 1174 2212 ut
1185 2172 1327 2213 Plinius
1352 2172 1460 2213 addit
1483 2191 1489 2213 :
1518 2176 1646 2214 Fortem
1658 2175 1746 2229 facit
1765 2176 1920 2218 hominem
1943 2174 1977 2203 ¹⁴·
1995 2175 2028 2205 ἀΰ
2037 2184 2097 2207 ¹¹²²·

1131 2245 1240 2270 contra
1253 2231 1373 2286 bostem.
1432 2230 1481 2272 fic
1492 2234 1641 2273 MARIA
1662 2235 1922 2282 immaculata,
1941 2225 1992 2245 ‘a‘

1133 2288 1350 2343 frequenter
1378 2287 1400 2328 a
1419 2290 1532 2331 nobis
1567 2294 1749 2334 invocata
1772 2320 1783 2338 ‚
1813 2294 1926 2336 omni

1134 2362 1205 2388 nos
1221 2347 1333 2388 mala:
1351 2351 1488 2389 mortis
1504 2363 1610 2390 metu
1630 2350 1806 2392 liberabit
1819 2381 1830 2397 ,
1848 2353 1928 2394 for-

1133 2404 1264 2461 tesque
1286 2410 1328 2447 in
1358 2407 1531 2449 extrema
1551 2407 1652 2449 luera
1681 2413 1841 2451 victores
1872 2411 1928 2453 ef-

1132 2463 1244 2505 ficiet.

1296 2552 1344 2605 9⁴.
1365 2557 1415 2598 2.
1449 2544 1747 2598 Attthoritas.

1132 2661 1289 2706 peter
1313 2654 1560 2704 CoMestor
1576 2690 1591 2712 ‚
1623 2658 1814 2706 Certans
1842 2674 1926 2723 pro
1948 2671 2075 2739 562⁰

1303 2729 1516 2788 erItate
1545 2729 1769 2787 Dprarae.

1135 2817 1217 2857 Non
1230 2812 1352 2870 gaudet
1377 2812 1542 2857 mundusss
1577 2811 1663 2869 quid
1688 2820 1792 2856 Anna
1815 2803 1927 2857 ‘viriani

1190 2872 1370 2928 cognoverit
1392 2899 1403 2916 ‚
1425 2870 1487 2925 fid
1508 2870 1631 2927 gaudet
1648 2901 1659 2918 ‚
1700 2873 1785 2930 quiid
1804 2874 1925 2929 ſstlutis

1182 2931 1249 2986 siue
1269 2928 1395 2984 causam
1405 2929 1584 2986 ficsceperit.
1613 2939 1652 2973 ὠ·
1669 2933 1745 2987 quia
1766 2932 1926 2989 compellor

1191 2988 1313 3032 dicere,
1343 3003 1405 3026 non
1414 2987 1557 3027 humores
1569 2990 1718 3037 Joachim
1738 3003 1927 3031 veneratur:

1183 3046 1244 3102 ſsd
1257 3046 1333 3102 quia
1357 3047 1545 3101 MARIA
1559 3059 1703 3104 concepta
1717 3047 1784 3102 fit,
1809 3063 1927 3104 gratu-

1193 3106 1282 3144 latur
1306 3129 1317 3146 ,
1348 3104 1437 3158 cujus
1461 3106 1669 3162 Conceptiontir
1689 3111 1928 3148 Sacramentum

1194 3164 1228 3204 in
1227 3161 1345 3219 spiritu
1359 3161 1544 3218 praevidem
1563 3163 1662 3219 Istum
1680 3166 1745 3204 ait:
1766 3163 1925 3220 Egredie-

1842 3236 1898 3264 tur
