2164 3413
132 2370 270 2429 400⁶

305 187 426 224 ecce!
455 180 674 223 extremum
709 174 944 234 periclitanti
969 171 1106 228 Sigridi

310 240 498 283 auxilium
521 238 684 281 tandem
714 234 823 280 tulit,
851 234 997 287 juvenis
1024 234 1107 285 qui-

307 300 400 341 dam
409 302 612 354 Princeps,
643 294 838 335 Heni-icus
854 293 1029 334 nomine,
1052 292 1108 345 ip-

309 358 379 399 sius
392 361 604 400 Suecorum
630 355 749 409 Regis
769 350 866 392 filius
887 379 897 395 ,
930 346 1108 402 eamque,

308 416 482 466 nonfine
493 411 683 456 miraculo
694 441 705 457 ,
726 413 768 450 in
784 408 864 451 vita
879 407 1108 463 disponente

308 477 487 524 Numine
497 472 746 515 conservavit.
807 465 982 508 Periculo
999 479 1108 521 erep-

309 543 349 593 tja
359 565 369 581 ,
403 549 447 574 ac
462 532 515 574 ob
527 543 686 589 gravem
697 541 789 568 cum
804 538 930 567 morte
943 523 1083 564 ludam
1097 551 1109 569 ‚

309 592 393 651 plus
406 592 517 633 solito
529 620 539 636 ‚
574 589 623 630 ad
635 584 988 643 capiendamno&e
1005 584 1110 637 quie-

309 652 391 703 ti'em
414 649 590 706 disposita
605 677 617 694 ‚
647 648 892 701 incognitam
911 640 1111 697 quandam

308 708 513 767 perionam
543 706 610 747 fibi
647 714 897 762 apparentem
934 699 1072 740 habuit
1098 728 1109 744 ‚

304 767 407 820 hisce
434 781 522 808 eam
532 764 656 808 verbis
682 761 970 817 alloquentem:
1004 757 1110 798 Salva

305 826 429 883 ἐναββὶ
449 824 605 882 ὃιένίἅψὲτ
630 833 846 862 veruntamen
871 833 933 858 non
948 817 1049 856 aliam
1069 813 1108 854 ob

305 886 451 942 causam,
483 884 580 941 qudm
596 892 726 939 propter
747 878 861 919 bonum
893 875 992 921 illud,
1023 869 1109 931 quod

300 946 390 1001 geris
409 944 442 983 in
465 956 566 983 utero.
622 936 742 980 Porro
768 937 853 977 haec
878 933 1002 991 proles
1030 931 1106 973 alia

306 1016 391 1043 non
405 1015 507 1047 erat,
537 997 656 1055 quam
673 995 813 1037 dilecta
833 995 924 1035 DEI
940 989 1104 1035 famula,

307 1064 341 1103 S.
356 1063 533 1117 Birgitta,
566 1056 684 1111 quam
704 1056 795 1095 cum
814 1050 944 1109 paullo
954 1049 1038 1106 post
1053 1048 1108 1088 fe-

306 1119 431 1160 liciter
444 1121 557 1158 enixa
569 1113 691 1156 fuisset
702 1142 712 1160 ‚
744 1108 928 1154 Sacerdos
944 1107 1108 1163 quidam

304 1175 486 1234 fingulari
509 1176 718 1217 Sanffltate
754 1168 915 1210 celebris
933 1197 942 1214 ,
974 1163 1107 1206 seden—

304 1248 386 1278 tem
398 1239 438 1276 in
451 1233 552 1275 clara
564 1232 666 1273 nube
675 1232 880 1285 Virginem
892 1224 1106 1281 conspexit,

303 1294 447 1336 librum
459 1290 636 1333 manibus
645 1301 848 1330 tenentem
857 1314 868 1332 ,
890 1281 1107 1337 vocemque

304 1353 426 1407 audijt
437 1382 448 1398 ,
469 1352 552 1392 haec
564 1352 833 1391 nuntiantem:
864 1346 965 1384 Nata
975 1342 1104 1395 estBir-

297 1428 375 1470 gero
382 1411 459 1467 filia
470 1439 482 1457 ,
512 1411 602 1465 cujus
613 1420 684 1448 ‘vox
694 1402 852 1446 mirabilo‘s
863 1428 873 1446 >
898 1414 958 1459 per
970 1400 1104 1440 univer-

292 1471 369 1529 ficm
380 1468 529 1509 audietur
544 1466 667 1509 orbem,
698 1462 805 1519 quod
818 1461 936 1516 quam
961 1463 1002 1499 in
1022 1461 1103 1498 Bir-

303 1527 404 1587 gittS.
423 1525 679 1583 jugiterfuerit
699 1520 970 1577 adimpletum,
990 1518 1104 1574 pauci

302 1591 497 1645 ignorant.

390 1643 515 1701 Qod
553 1641 581 1683 fi
609 1634 951 1681 misericordiflima
982 1633 1100 1675 DEI

712 81 805 143 De
827 78 1116 159 Concepta
1139 79 1292 138 Sacra
1314 76 1557 157 Deipara

1156 186 1315 216 manus,
1346 169 1447 211 adeo
1461 170 1652 226 Sigridem
1670 184 1889 227 protegere,
1914 182 1957 210 ac

1158 233 1199 269 in
1211 229 1289 271 vita
1302 227 1446 270 servare
1458 228 1583 270 voluit
1596 255 1607 273 ‚
1631 228 1783 285 praecise=
1801 242 1957 285 propter

1158 287 1300 334 filiam,
1334 302 1454 342 quam
1466 286 1720 328 maternosub
1748 288 1864 327 corde
1891 302 1956 343 ge-

1159 346 1285 392 rebat,
1317 351 1359 388 &
1379 360 1463 399 quae
1478 349 1614 387 Sancta
1635 344 1845 400 aliquando
1871 360 1955 385 mu-

1159 405 1227 445 lier
1243 434 1253 451 ,
1284 419 1328 444 ac
1355 403 1567 460 perfeetum
1590 407 1737 445 virtutis
1761 403 1957 459 exemplar

1158 463 1239 517 alijs
1262 461 1386 503 futura
1398 477 1479 503 erat
1490 492 1500 509 ‚
1531 462 1679 517 quanto
1692 462 1813 519 magis
1826 462 1959 502 crede-

1160 537 1199 562 re
1219 533 1376 578 oportet
1393 549 1405 566 ,
1435 520 1665 562 Altiffimum
1681 549 1692 567 ‚
1724 520 1877 578 potenti
1893 519 1958 561 luo

1160 580 1321 621 brachio
1333 608 1344 625 ,
1374 580 1558 620 MAR1AM
1581 578 1602 620 ὲι
1614 579 1701 620 diro
1711 580 1832 636 culpae
1844 582 1962 636 origi-

1163 637 1258 679 nalis
1283 635 1485 694 naufragio
1497 636 1750 684 conset-vaste,
1778 654 1863 693 quae
1878 653 1962 678 non

1162 698 1319 738 tantum
1341 699 1526 739 virtutum
1539 699 1678 737 omniu
1692 696 1795 752 perfe
1805 697 1963 737 &iffima

1159 753 1339 812 magistra
1353 780 1364 800 ,
1381 752 1444 795 sed
1467 761 1507 797 ὃς
1532 758 1663 796 Mater
1683 754 1779 796 olim
1801 756 1883 810 Filij
1911 754 1963 795 sui

1158 817 1298 855 Divini
1308 812 1433 853 futura
1444 842 1454 859 ‚
1477 814 1629 854 mundo
1642 815 1963 869 exoptatiffimam

1158 873 1262 913 hanc
1283 870 1439 913 Prolem
1450 901 1461 918 ‚
1493 872 1631 913 nostrae
1643 871 1767 913 salutis
1784 876 1962 928 pretium,

1158 933 1391 987 progignere
1413 930 1603 972 debebat?
1631 930 1758 988 Scripfic
1775 931 1812 970 de
1842 930 1963 988 Sigride

1159 991 1271 1029 Suriws
1281 1015 1291 1035 ,
1303 987 1525 1047 Kbadeneira
1536 1016 1545 1033 ‚
1559 997 1598 1032 (9-
1614 990 1675 1044 alij
1685 1019 1693 1035 ‚
1705 992 1737 1029 in
1754 990 1829 1030 wia?
1839 995 1871 1030 S.
1886 991 1964 1029 Bir-

1153 1049 1244 1105 gittae
1252 1075 1264 1095 ,
1300 1046 1349 1088 ad
1364 1045 1448 1088 diem
1463 1057 1495 1088 Σ.
1514 1047 1668 1088 oflobn's.

1299 1169 1340 1223 §.
1355 1175 1406 1231 7.
1444 1161 1808 1237 Anagramma.

1227 1282 1331 1329 Vna
1362 1280 1538 1326 nItIDa
1560 1312 1575 1335 ‚
1612 1273 1735 1340 ere
1761 1280 1890 1327 Con-

1382 1351 1530 1411 Cepta
1551 1352 1713 1395 Mater.

1154 1437 1274 1481 Salve,
1304 1436 1322 1476 6
1338 1435 1433 1476 unica
1444 1435 1548 1476 nitida
1554 1450 1693 1492 gemma,
1713 1448 1800 1493 pura
1813 1436 1934 1473 Mater
1943 1432 1956 1471 !

1978 1274 2101 1335 399·

1385 1517 1518 1560 Verfio
1535 1516 1722 1557 litteralis.

1180 1603 1262 1641 Ave
1269 1599 1403 1646 Maria,
1419 1599 1533 1657 gratici'
1535 1599 1648 1656 plena,
1664 1599 1825 1638 Dominm
1837 1611 1951 1636 tecum.

538 1935 689 2016 De)
720 1922 1098 2034 Concepta

1148 1916 1359 1998 Sacra
1414 1913 1748 2021 Deipara.

608 2100 1320 2183 CONCEPTUS
1414 2097 1670 2165 LV111.

510 2269 552 2320 §0
576 2274 613 2312 Ι.
663 2259 922 2330 Scriptura.

365 2357 628 2407 InIMICVs
648 2355 703 2401 In
728 2346 927 2415 Delpara
948 2362 1049 2398 non
1076 2405 1083 2421 s

565 2424 852 2488 profICIens.

305 2507 459 2552 Psal.88.
476 2523 577 2559 v.23.
616 2507 717 2547 Nihil
734 2505 876 2563 proficiet
904 2503 1051 2543 inimicus
1066 2499 1100 2542 in

361 2585 418 2615 eo,
450 2576 488 2611 &
490 2568 584 2620 filius
605 2567 785 2623 iniquitati&
806 2582 867 2604 non
892 2574 1025 2618 apponet
1040 2577 1096 2601 no-

359 2645 427 2670 cere
452 2643 492 2667 et.

444 2702 537 2749 Uod
549 2707 589 2745 in
602 2702 692 2745 servi
705 2701 905 2758 quondam
918 2699 967 2740 sui
979 2725 988 2745 ³
1015 2701 1099 2740 Da*

474 2764 572 2807 vidis
591 2765 709 2819 Regis
722 2790 732 2807 ‚
762 2760 935 2801 favorem
957 2761 1101 2798 Domi-

477 2839 547 2865 nus
589 2821 852 2878 pronuntiavit
878 2845 888 2861 ‚
929 2814 1061 2857 dicens
1090 2831 1097 2857 ς

305 2888 405 2929 Nihil
419 2883 561 2942 proficiet
575 2879 720 2921 inimicm
741 2880 773 2918 in
795 2894 845 2923 eo,
877 2885 915 2919 (9*
934 2876 1025 2931 filius
1040 2877 1101 2914 ini-

305 2946 438 3005 quitat&
468 2958 530 2982 non
544 2952 678 2998 apponet
692 2953 798 2978 nocere
822 2937 869 2981 ei,
902 2936 978 2975 hoc
997 2935 1103 2974 idem

308 3000 591 3045 mAnciuaesuae,
616 2996 797 3042 Minima,
830 2993 1015 3050 singulare
1029 2997 1102 3049 pri-

309 3063 492 3117 vilegium
524 3056 756 3100 Sanstiffima
774 3055 1029 3106 Trinitasjam
1053 3051 1102 3092 ab

308 3134 453 3163 aeterno
485 3113 744 3173 pronuntiasse
782 3114 957 3156 videtur:
1000 3111 1102 3151 Nihil

300 3174 713 3241 proficietinimicusined',
759 3169 797 3212 id
818 3172 893 3215 est,
925 3168 1099 3225 quamvis

1151 2243 1316 2272 omnem
1330 2228 1373 2269 fit
1388 2241 1560 2268 moturus
1580 2225 1751 2283 lapidem
1767 2237 1950 2266 tartareus

1150 2292 1354 2333 inimicus,
1385 2300 1427 2328 ut
1438 2287 1539 2327 hanc
1557 2288 1599 2326 in
1624 2285 1727 2326 suam
1738 2283 1950 2338 aliquando

1149 2347 1383 2405 potestatem
1395 2345 1567 2402 redigere
1594 2357 1731 2400 queat,
1763 2357 1832 2398 per
1857 2357 1949 2399 pec-

1148 2422 1279 2448 catum
1296 2404 1454 2460 aliquod
1466 2434 1475 2450 ‚
1507 2403 1640 2444 saltem
1651 2400 1836 2458 originale
1848 2430 1857 2445 ,
1889 2400 1951 2442 vel

1149 2465 1375 2510 adinstans,
1408 2463 1489 2503 nihil
1505 2475 1640 2503 tamen
1660 2460 1802 2518 proficiet
1831 2462 1871 2499 in
1882 2459 1946 2506 ea,

1150 2524 1233 2566 imo
1246 2521 1405 2580 superna
1430 2519 1599 2576 quadam
1614 2524 1752 2562 virtute
1774 2522 1949 2573 perterri-

1148 2597 1207 2624 tus
1224 2614 1233 2629 ,
1265 2580 1487 2623 maledistus
1509 2580 1574 2620 hic
1596 2579 1806 2633 iniquitatis·
1822 2576 1919 2617 filius
1936 2603 1946 2623 ‚

1150 2659 1212 2682 non
1228 2654 1363 2699 apponet
1380 2652 1486 2679 nocere
1508 2638 1556 2693 eij,
1586 2652 1671 2692 quae
1684 2635 1947 2675 innocentiffi-

1152 2715 1219 2742 mo
1238 2701 1418 2740 Numinis
1435 2696 1531 2737 Filio
1550 2701 1590 2736 in
1613 2694 1786 2736 Matrem
1803 2709 1947 2750 praepa-

1151 2774 1251 2804 rata,
1284 2759 1362 2799 hoc
1399 2754 1478 2812 ipso
1499 2781 1509 2801 ,
1550 2749 1598 2795 ab
1633 2756 1744 2794 omni
1778 2751 1947 2793 omnino

1152 2832 1313 2874 peccato
1360 2816 1557 2857 Divinitus
1606 2812 1660 2853 est
1715 2814 1945 2869 praeiervata.

1152 2880 1241 2918 Hoc
1252 2876 1389 2932 jugiter
1404 2869 1621 2929 praesensisse
1642 2872 1792 2913 videtur
1804 2871 1947 2926 Purpu-

1152 2950 1250 2976 ratiis
1264 2940 1381 2976 Vates
1397 2931 1470 2972 illis
1481 2929 1629 2972 verbis:
1664 2935 1763 2987 Super
1779 2929 1945 2985 Aspidem,
1976 2939 2042 2973 Psal,
2057 2953 2101 2973 90,

1151 3003 1189 3037 ἐς·
1202 2993 1380 3047 Bafilz'scum
1396 2986 1576 3029 ambulabv's
1591 3019 1601 3035 ‚
1627 2996 1666 3032 ὅσ·
1679 2987 1872 3029 conculcabis
1884 2990 1951 3025 Le·
1969 2991 1994 3008 v.
2009 2993 2018 3011 ¹
2029 2993 2052 3016 ³·

1150 3069 1256 3095 onem,
1289 3059 1327 3093 &¹
1340 3051 1535 3093 Draconem.
1552 3054 1593 3088 in
1613 3045 1825 3088 Beatiffima
1847 3048 1953 3085 enim

1150 3112 1309 3165 Virgine
1326 3123 1407 3148 non
1425 3105 1546 3146 solum
1559 3104 1656 3147 nihil
1669 3105 1956 3162 profecitLeo‚&

1150 3172 1257 3207 Draco
1278 3164 1483 3208 achmlium
1496 3178 1768 3221 peccatorum,
1798 3161 1859 3202 sed
1879 3176 1952 3203 nec

1811 3218 1908 3275 Aspis
