2164 3413
156 1113 305 1150 1-15.c.30.

150 1649 277 1688 l.5.e.1-

146 2060 222 2090 Idem
233 2060 293 2098 l.15·

143 2111 165 2131 c.
178 2112 201 2138 5.

142 2655 158 2684 l.
168 2655 228 2686 eod.
236 2660 285 2690 c.8.

136 2961 241 2999 3·Reg,

130 3009 143 3028 c
165 3008 180 3029 6

365 107 481 163 274

328 184 447 226 subest
469 189 564 226 ratio
580 214 590 231 ‚
630 201 695 227 cur
731 190 814 228 MA
827 201 853 227 R
868 202 881 226 1
896 202 930 226 ΛΕ
976 202 1122 227 nomen

331 244 433 283 Oliva
456 259 698 300 comparetur
717 258 727 285 .>
750 245 835 286 haec
857 248 1040 286 nimirum
1063 245 1123 286 vel

331 305 522 349 maxime,
549 304 655 356 quod
696 302 812 345 Oliva
853 303 1123 359 praeclarissima

332 360 376 399 fit
396 361 653 401 immaculatae
684 364 967 417 Conceptionis
992 363 1119 418 figura.

332 419 665 471 quemadmodum
677 424 782 460 enim
801 419 1006 461 universale
1027 420 1121 460 illud

331 476 518 518 diluvium
542 478 608 518 ioli
634 481 804 534 pepercit
826 478 949 524 Olivae,
978 494 1025 519 ex
1045 493 1121 533 qua

330 549 479 575 ramum
504 535 685 576 columba
732 536 935 592 decerpsit,
967 536 1122 577 detulit-

330 608 404 647 que
427 623 436 638 ,
473 597 511 633 in
527 593 671 650 signum
684 594 823 650 placati
842 596 1042 640 Numinis,
1066 611 1120 635 re-

329 651 439 705 liquis
457 655 613 692 interim
625 652 762 708 plantis
787 652 1018 708 cataclysmo
1034 657 1118 694 uni-

329 709 462 750 versim
488 710 714 766 absumptis:
748 711 796 751 sic
820 725 1023 767 peccatum
1042 716 1118 752 ori—

328 767 456 823 ginale
478 768 691 809 humanam
705 784 882 810 naturam
898 783 1020 810 totam
1032 786 1116 810 cor-

327 829 447 882 rupit,
478 827 554 867 una
581 830 741 884 Virgine
770 827 937 874 intaeta,
969 844 1015 868 ex
1039 828 1115 883 qua

327 884 577 940 postmodum
606 901 729 926 ramus
754 889 855 942 pacis
889 884 911 926 ἔι
935 886 1117 927 columba

328 943 478 983 mundo
499 943 724 990 delatusest,
750 946 827 985 hoc
853 944 906 984 est
919 944 1088 986 Christus
1102 975 1112 990 ,

327 1001 582 1042 obumbrante
606 1005 742 1059 Spiritu
754 1005 918 1047 Sancto,
946 1018 1114 1059 concep-

328 1073 410 1103 tus,
438 1075 482 1100 ac
495 1074 615 1101 natus.
659 1060 749 1101 ficut
785 1060 922 1110 (Teste
949 1060 1075 1101 Plinio
1099 1068 1110 1112 )

327 1119 437 1158 Oleam
449 1119 618 1174 profanis
647 1118 767 1174 pollui
784 1118 926 1164 usibus,
956 1118 1009 1159 fas
1029 1135 1111 1160 non

324 1190 420 1221 erat,
447 1190 488 1217 ut
503 1176 552 1217 ne
574 1176 827 1232 propitiandis
837 1177 994 1232 quidem
1011 1179 1109 1232 Dijs,

321 1235 481 1274 accendi
503 1250 550 1275 ex
571 1234 676 1276 oliva
700 1234 842 1276 Altaria
863 1234 1014 1276 liceret:
1057 1236 1106 1277 fic

320 1292 409 1333 licet
437 1307 639 1348 peccatum
666 1293 851 1350 originale
879 1293 1102 1335 sacrificium

321 1352 541 1407 dicipoffit,
567 1366 645 1406 quo
673 1351 864 1392 totmillia
889 1356 1102 1394 animarum

320 1411 475 1451 Divinae
495 1413 708 1451 mactantur
727 1410 896 1464 justitiae,
932 1410 980 1452 eo
995 1411 1102 1467 quod

319 1483 455 1508 omnes
467 1467 662 1508 nascamur
672 1468 753 1523 Filij
774 1472 856 1509 irae:
880 1484 961 1509 non
974 1470 1102 1511 decuit

319 1539 469 1572 tamen,
515 1526 717 1567 communi
750 1527 827 1567 hoc
859 1542 956 1583 rogo
984 1531 1101 1569 etiam

320 1586 476 1625 MARIAE
487 1588 659 1625 animam
673 1585 788 1625 aduri.
819 1585 978 1641 Qodfi
997 1586 1102 1627 idem

321 1641 487 1692 Plinius(
509 1658 556 1682 ex
579 1642 867 1698 Theophraste)
892 1658 1023 1700 negat,
1044 1648 1103 1685 in-

318 1714 373 1740 tra
411 1701 661 1756 quadraginta
698 1700 820 1741 millia
845 1701 1013 1758 passuum
1035 1732 1045 1748 ,
1081 1719 1103 1743 a

317 1762 423 1804 mari,
446 1758 704 1799 oleamnaici:
718 1774 824 1800 mare
833 1759 1006 1815 profecto
1018 1776 1107 1816 pec-

315 1831 443 1857 catum
458 1816 511 1857 est
535 1816 740 1873 originale,
775 1822 816 1858 in
837 1832 915 1872 quo
936 1832 996 1859 tot
1017 1823 1098 1860 ani-

313 1890 462 1916 marum
483 1874 604 1916 secuta
645 1875 839 1932 naufragia
857 1894 866 1922 3
899 1876 961 1917 sed
999 1877 1097 1917 nihil

314 1932 403 1973 huic
427 1937 548 1978 mari,
579 1940 618 1974 ὃς
634 1936 811 1978 ΜΑΜΑΞ,
834 1933 943 1989 aquo
964 1935 1097 1990 procul

313 1997 353 2032 &
373 2005 563 2047 concepta
588 2021 598 2037 ,
637 1998 676 2034 ὅ(
705 2006 795 2033 nata
818 1992 884 2038 est.
944 1995 1100 2035 Ponun-

312 2063 371 2090 tur
393 2053 652 2090 communiter
675 2050 776 2090 olm
795 2056 920 2092 versus
935 2053 1099 2093 Favoni-

312 2123 400 2153 um,
432 2111 472 2148 in
483 2107 572 2148 loco
595 2107 674 2149 Soli
692 2107 884 2164 exposito:
911 2109 959 2150 fic
972 2114 1097 2167 Virgi-

310 2170 367 2206 nis
388 2170 559 2207 animam
580 2180 663 2206 non
684 2166 734 2206 ad
748 2166 926 2222 frigidam
938 2169 1098 2223 Aquilo-

308 2229 366 2264 nis
382 2223 556 2281 plagam,
595 2223 768 2280 Solisque
801 2239 1018 2280 expertem,
1054 2242 1097 2268 ut

309 2282 473 2337 reliquos
484 2282 710 2328 hominum,
742 2282 929 2338 plantavit
947 2286 1095 2331 DEus,

310 2341 370 2381 sed
391 2341 439 2381 ad
449 2343 662 2383 Favonium
684 2347 725 2383 ὃς
743 2339 895 2387 Solem,
927 2342 1004 2383 hoc
1021 2343 1093 2390 est,

310 2403 350 2439 in
374 2399 468 2440 statu
494 2402 624 2456 gratiae
642 2427 652 2445 ,
698 2398 929 2455 plenamque
954 2404 1093 2458 Spiritu

310 2460 458 2498 Sancto
520 2457 661 2499 Oleam
692 2457 808 2513 porro
854 2458 878 2498 fi
917 2457 1092 2501 lamben-

311 2516 363 2556 do
382 2530 492 2571 capi-a
504 2515 779 2562 momorderit,
809 2517 1092 2573 depaveritque,

308 2577 433 2629 primo
458 2578 673 2630 germinatu
709 2573 955 2621 sterilescere,
987 2577 1092 2618 idem

307 2632 468 2672 adnotat
490 2631 653 2672 Plinius:
676 2631 724 2672 fic
743 2632 973 2673 sterilisceret
1010 2650 1090 2675 cer-

305 2689 342 2730 te
360 2694 480 2746 Virgo
493 2719 502 2735 ‚
534 2705 605 2731 nec
615 2688 703 2731 esset
713 2690 829 2746 digna
840 2694 968 2732 Mater
987 2695 1091 2741 DEI,

304 2748 328 2788 fi
336 2753 462 2804 primo
493 2762 683 2805 conceptu
708 2748 901 2789 infernalis
921 2765 1006 2790 eam
1027 2767 1090 2792 ca-

305 2822 372 2861 pia
408 2805 561 2847 libasset.
619 2809 677 2847 En
693 2821 834 2861 quanta
857 2808 976 2854 Olivae,
999 2824 1088 2851 curn

303 2863 547 2905 immaculata
582 2867 664 2906 MA
680 2879 705 2904 R
718 2881 731 2904 1
744 2881 778 2906 [Ε
817 2868 1089 2932 Conceptione

302 2926 591 2963 convenientia!
623 2925 756 2964 Nemo
776 2927 889 2979 igitur
903 2928 1059 2965 miretur
1076 2953 1086 2969 ,

302 2980 326 3019 il
353 2984 469 3021 Sacris
492 2984 608 3021 etiam
635 2985 673 3021 in
703 2985 849 3038 paginis
885 2981 1015 3039 legat:
1044 2987 1083 3025 in

298 3038 549 3078 :edificatione
563 3038 843 3095 splendidiffimi
856 3017 951 3081 illius
964 3044 1083 3082 Tem-

295 3095 618 3150 pliSalomonici,
651 3098 699 3137 ad
726 3098 927 3154 ingrestum
946 3114 1078 3140 or-acn

292 3153 336 3198 li,
369 3153 462 3196 ostia
481 3153 584 3196 fuisse
595 3155 712 3210 pofita
730 3182 742 3200 ,
773 3171 854 3196 non
867 3157 914 3197 de
928 3157 1007 3212 alijs
1031 3158 1074 3198 li-

745 89 836 148 De
853 85 1141 166 Conceptz'i
1156 88 1304 148 Sacra
1317 88 1565 167 Deipara,

1173 192 1280 253 gnis,
1310 202 1427 242 quam
1443 188 1491 228 de
1517 187 1628 244 lignis
1648 190 1841 237 olivarum,
1874 193 1963 230 cum

1173 249 1278 285 enim
1291 246 1413 287 Arbor
1426 247 1507 285 hac
1520 246 1663 302 semper
1674 264 1743 304 pac
1748 252 1774 288 is
1787 278 1797 294 ,
1832 264 1875 288 ac
1888 253 1959 288 mi-

1173 303 1383 344 iericordie
1420 303 1635 359 symbolum
1683 306 1822 351 fuerit,
1858 308 1960 359 juxta

1173 361 1266 402 illud
1292 365 1444 402 Poetae:

1252 419 1371 475 Adyu]
1373 434 1409 458 at
1425 421 1458 458 in
1477 419 1550 458 bello
1568 432 1690 476 pacatae
1716 436 1823 460 mmm
1843 421 1957 460 Olivae.

1172 477 1258 517 desi
1248 493 1297 533 gn
1303 478 1433 517 aiibitur
1445 477 1633 531 celtejam
1645 484 1752 523 tiim,
1786 494 1850 534 per
1865 478 1957 518 ostii

1173 535 1260 576 illa:
1292 536 1546 577 Sacratiffimae
1568 540 1733 592 Virginis
1763 540 1843 577 MA
1860 551 1906 576 κ]
1924 552 1958 576 st

1171 596 1499 649 Conceptionem,
1521 609 1603 648 quae
1614 594 1748 635 nostra:
1763 596 1959 650 Redemp-

1170 656 1285 692 tionis
1326 652 1447 692 futura
1477 652 1675 706 quondam
1705 668 1783 693 erat
1815 656 1927 707 janua
1945 680 1956 697 ‚

1169 725 1251 750 non
1271 711 1338 750 nisi
1361 713 1521 765 gratiam
1536 737 1547 753 ‚
1578 725 1731 765 pacem,
1759 727 1802 751 ac
1816 711 1955 751 miseri-

1166 769 1339 808 cordiam
1352 768 1432 808 fore
1445 794 1454 811 ‚
1493 782 1605 822 atque
1623 784 1717 825 opus
1737 773 1954 826 omnigenis

1165 826 1368 882 privilegijs
1416 826 1649 867 decoratum.
1729 831 1832 869 Sicut
1860 843 1951 883 ergo

1167 885 1299 924 Olivam
1316 884 1506 941 pulchram,
1519 884 1687 941 speciofizm
1703 911 1713 927 ‚
1728 894 1790 928 &a
1817 888 1952 927 ‘voca‘vic

1166 944 1202 981 D
1215 948 1242 982 Ο
1254 945 1431 982 ΜΙΝΗ
1443 947 1467 981 S
1486 945 1617 982 Nomen
1635 945 1710 996 ejus
1722 973 1731 989 ,
1762 944 1810 984 fic
1833 948 1949 985 etiam

1162 1000 1210 1041 ab
1230 1000 1489 1041 Ecclesiastico
1517 1001 1603 1057 quafi
1628 1002 1726 1042 olima
1746 1003 1882 1058 speciostz
1916 1004 1949 1042 in

1161 1061 1280 1115 camptae's
1295 1062 1440 1100 MAmA
1456 1059 1741 1115 depraedicatur.
1774 1059 1950 1116 verespe-

1162 1117 1260 1158 cioia
1279 1118 1370 1158 oliva
1384 1148 1395 1164 ,
1422 1119 1525 1171 cujus
1537 1120 1699 1159 Genitus
1714 1120 1870 1175 speciosus
1874 1120 1948 1174 for-

1157 1175 1212 1215 md*
1223 1177 1381 1233 praefilijs
1401 1177 1559 1215 hominum
1574 1206 1583 1222 ,
1611 1176 1756 1218 Oleum
1775 1178 1828 1218 est
1854 1177 1944 1217 effu-

1156 1233 1245 1274 sum.
1268 1234 1404 1291 Speciofiz
1427 1234 1537 1290 stirpe
1563 1234 1666 1288 Filij:
1697 1236 1834 1291 Speciosa
1850 1234 1942 1276 flore

1154 1296 1411 1348 cogitatuum:
1443 1293 1581 1349 Speicosa'z
1630 1293 1767 1333 fronde
1807 1294 1943 1335 verbo-

1152 1366 1260 1391 rum:
1291 1351 1429 1408 Specioflz
1445 1352 1563 1391 fructu
1589 1367 1771 1408 operum:
1804 1353 1942 1409 Speciosa

1151 1409 1321 1450 medulla
1339 1414 1516 1451 omnium
1532 1415 1736 1466 gratiarum
1756 1440 1766 1456 ,
1798 1411 1916 1451 verbo
1929 1440 1939 1456 ,

1151 1467 1250 1508 adeo
1273 1468 1410 1524 Speciofic
1428 1495 1438 1512 ,
1468 1482 1508 1508 ut
1520 1469 1851 1522 quemadmodum
1864 1469 1941 1511 Sal-

1151 1540 1260 1566 vator
1287 1526 1414 1566 noster
1449 1526 1752 1582 benigniffimus,
1793 1527 1941 1569 adulte-

1151 1586 1249 1624 rium
1273 1583 1490 1640 lapiieillius
1512 1585 1681 1625 foemi'nae
1698 1586 1941 1626 condonatu-

1151 1657 1223 1688 rus,
1243 1657 1289 1682 ex
1310 1643 1480 1682 olivarum
1493 1658 1646 1687 monte,
1670 1644 1718 1683 ad
1729 1644 1942 1700 Templum

1152 1699 1365 1741 descendit:
1396 1701 1442 1740 sic
1456 1701 1836 1757 idemRedempt01
1866 1718 1940 1743 no„

1156 1757 1212 1798 bis
1230 1757 1411 1799 omnibus
1432 1764 1568 1815 gratias
1606 1758 1683 1800 suas
1710 1759 1907 1816 largiturus
1925 1789 1936 1806 ‚

1155 1832 1201 1857 ex
1213 1816 1286 1857 hac
1299 1817 1399 1857 Oltam
1415 1816 1594 1872 pulchra,
1625 1833 1765 1874 nempe
1776 1821 1935 1865 MAMA,

1147 1875 1195 1915 ad
1212 1890 1282 1916 nos
1299 1873 1526 1916 descendere
1538 1875 1712 1917 voluerit.
1759 1879 1832 1917 Pio
1849 1880 1935 1918 Ma-

1148 1937 1262 1974 rinna:
1291 1937 1404 1990 igitur
1418 1933 1526 1987 hujus
1548 1935 1651 1974 Oliva
1667 1935 1827 1975 tutanda
1852 1936 1932 1991 pul-

1147 1992 1365 2032 chi-itudine
1377 2020 1389 2037 ‚
1419 2007 1462 2031 ac
1481 1991 1661 2049 originali
1677 1993 1907 2049 speciofitate
1919 2024 1930 2040 ,

1146 2050 1285 2091 merito
1297 2049 1533 2092 Christianus
1561 2065 1727 2092 armatur
1746 2051 1878 2093 Orbis:
1906 2052 1931 2092 fi

1146 2111 1252 2149 enim
1277 2108 1442 2149 Helenae
1474 2107 1720 2164 pulchritudo
1771 2114 1932 2152 armavit

1146 2168 1361 2210 Graeciam,
1391 2170 1601 2208 concitavit
1623 2170 1780 2224 Regna:
1813 2168 1838 2208 fi
1864 2169 1930 2209 de-

1145 2240 1233 2265 cem
1249 2228 1379 2270 annis,
1410 2239 1477 2280 per
1499 2239 1558 2265 tot
1577 2224 1723 2271 cladem
1754 2240 1863 2267 tanto
1873 2226 1931 2267 fu-

1146 2281 1185 2323 so
1197 2282 1388 2339 sanguine,
1415 2299 1485 2339 pro
1498 2282 1560 2323 illa·
1571 2298 1785 2340 pugnatum
1799 2318 1805 2324 .
1821 2285 1844 2325 si
1857 2300 1929 2326 no-

1145 2356 1236 2381 men
1261 2341 1433 2397 speciosae
1469 2341 1632 2382 Helenae
1658 2342 1730 2384 vile
1759 2358 1839 2383 non
1857 2342 1928 2384 fuit

1143 2403 1321 2455 pretium>
1352 2414 1422 2443 tot,
1445 2399 1717 2455 tantorumque
1729 2399 1925 2443 laborum:

1142 2473 1207 2498 cur
1220 2462 1411 2514 Virgineae
1432 2458 1568 2499 nostrae
1582 2460 1685 2498 olivae
1703 2459 1926 2500 immacula-

1143 2530 1180 2556 ta
1221 2516 1466 2583 pulchritudo
1496 2532 1578 2557 non
1611 2520 1681 2557 erit
1716 2517 1821 2571 aeque
1843 2518 1926 2575 dig-

1143 2589 1236 2615 num
1277 2579 1439 2631 pretium
1469 2590 1661 2615 armorum
1680 2574 1920 2618 nostrorum>

1141 2647 1354 2689 pugnemus
1374 2632 1465 2689 ergo
1478 2648 1548 2688 pro
1561 2632 1624 2672 illa
1639 2632 1807 2679 fortiter,
1827 2649 1869 2675 ac
1883 2635 1926 2675 fi-

1141 2706 1206 2731 cut
1220 2690 1421 2732 metatores
1437 2721 1448 2736 ,
1485 2690 1639 2746 elapsuri
1660 2691 1835 2732 manibus
1859 2693 1926 2734 ad-

1139 2749 1384 2790 ver-fiiriorum
1432 2748 1581 2789 suorum
1604 2778 1614 2793 ‚
1655 2749 1717 2789 oleo
1753 2751 1927 2794 membra

1137 2807 1355 2853 obliniunt,
1386 2812 1439 2846 ita
1454 2813 1493 2848 &
1514 2821 1606 2851 nos,
1634 2807 1796 2849 delibuti
1809 2808 1924 2851 balsa-

1138 2880 1206 2906 mo
1230 2865 1440 2906 dulciffimo
1458 2894 1469 2910 ,
1498 2866 1680 2905 Nominis
1701 2867 1924 2908 immacula-

1137 2937 1184 2964 tae
1196 2927 1372 2979 Deiparae
1389 2952 1400 2968 ,
1429 2938 1516 2962 cum
1527 2926 1690 2963 inimicis
1699 2923 1834 2965 nostris
1845 2926 1922 2966 for--

1135 2985 1221 3022 titer
1239 2980 1549 3036 congrediamur!
1581 2981 1629 3021 fic
1649 2986 1720 3022 erit
1740 3011 1751 3027 ,
1783 2997 1824 3023 ut
1839 2983 1919 3040 ple-

1133 3043 1173 3079 ni
1200 3041 1380 3093 vic'torijs,
1412 3042 1513 3094 pacis
1544 3040 1702 3081 tandem
1728 3040 1845 3086 oliva,
1876 3046 1915 3082 in

1159 3100 1334 3153 Regione
1346 3100 1446 3152 pacis
1459 3126 1468 3142 ,
1497 3098 1690 3138 mediante
1704 3099 1885 3154 Deipara,

1254 3157 1437 3195 aeternnm
1464 3156 1781 3197 condecoremur.

1780 3220 1811 3262 ς.
1854 3231 1887 3255 2.

1967 1004 1989 1026 c,
1999 1006 2118 1038 24.v.19·
