2164 3413
167 267 293 325 282.

156 1028 272 1093 283·

132 2929 258 2989 284.

379 105 395 143 1
427 90 454 144 8

397 103 421 159 ὃ
511 201 546 250 §.
569 206 617 247 2.
663 194 960 247 Anthoritas.

336 277 602 350 EVthleII
650 285 721 328 De
770 285 1124 345 ConCeptIone

633 355 821 413 opInIo.

331 433 519 490 MARIA
532 435 573 489 est
589 435 684 475 altior
698 464 708 481 ,
739 444 778 479 &
791 435 934 493 ficperior
955 436 1072 493 qudwls
1091 451 1125 476 re

388 492 516 538 creatt‘c',
546 508 614 532 tam
648 510 714 550 quse
736 494 797 551 sida
829 494 985 551 aspeffum
1018 494 1124 539 cadit,

389 552 485 607 queim
496 567 561 607 quae
571 551 741 596 non'cadit,
755 570 821 610 quae
833 554 872 607 est
872 566 970 609 pura,
982 553 1124 609 impollu-

389 623 439 654 ta,
457 610 596 655 inneffa,
620 612 733 650 Paetrv's
749 641 759 657 ,
775 613 829 668 qui
844 628 898 651 nec
908 611 1015 651 videri
1027 638 1036 654 ‚
1068 628 1124 652 nec

386 667 603 724 comprehendi
603 669 702 725 potest
713 699 723 715 ‚
740 670 780 709 ab
797 671 883 710 omn?
898 669 1124 727 reprehenfione

386 726 512 772 aliena,
535 728 797 783 &pulcherrima
817 729 943 785 Sponfiz.
1005 731 1117 769 Orat.

384 787 427 825 in
442 785 713 826 adorationem
725 802 850 828 vener.
864 789 985 828 Zonae
1001 789 1120 844 Deip.

382 858 417 883 c.
431 847 460 884 8.

552 926 590 978 ς.
618 929 656 988 3.
688 921 869 981 Ratio.

393 1019 713 1077 -ReDeMptIo‚
749 1020 879 1077 pLVs
897 1020 1049 1064 VaLet

587 1089 855 1134 Creatlone.

415 1169 622 1225 Edemptio
632 1172 779 1226 generis
788 1169 949 1210 humani
962 1171 1119 1225 majoris

433 1227 488 1268 est
500 1227 738 1268 excellentiae
752 1257 763 1274 ‚
795 1227 914 1282 quam
937 1231 1016 1284 ejus
1035 1245 1116 1270 cre-

321 1289 422 1331 ati03
453 1285 694 1330 cuminilla,
725 1302 808 1327 non
820 1302 949 1327 autem
965 1291 1005 1328 in
1017 1289 1114 1335 hac,

322 1344 495 1386 Verbum
507 1347 699 1386 Divinum
721 1361 810 1385 caro
826 1345 967 1386 factum
985 1346 1110 1393 fuerit,

320 1409 361 1445 ὃς
378 1418 470 1459 pura
491 1417 661 1444 creatura
685 1407 725 1444 in
741 1407 910 1444 Matrem
926 1407 1018 1445 DEI
1033 1404 1111 1446 ele-

319 1464 401 1507 ἀεὶ,
434 1468 474 1503 &
494 1461 691 1518 praeelecta
707 1492 717 1508 ‚
748 1461 853 1518 supra
875 1478 1011 1504 omnes
1035 1465 1108 1505 ho-

316 1523 442 1560 mines
453 1550 463 1566 ,
494 1527 533 1563 &
545 1521 698 1561 Choros
710 1521 948 1576 Angelorum
963 1523 1109 1564 exalta-

314 1593 356 1619 ta
375 1578 498 1619 fuerit.
555 1579 629 1620 Sed
664 1579 690 1618 fi
725 1582 840 1620 Beata
873 1583 1025 1637 Virgo,
1061 1595 1105 1623 ut

314 1651 455 1678 omnes
474 1635 607 1690 reliqui
632 1637 830 1684 homines,
859 1638 1106 1683 contraxisset

316 1696 715 1752 peccatumoriginale
737 1725 749 1742 ‚
780 1696 855 1752 ipsa
870 1699 1027 1739 Creati'o
1038 1714 1105 1739 ex-

314 1755 470 1795 cederet
500 1757 541 1794 in
573 1754 806 1810 perfectione
845 1755 1103 1813 Redemptio-

314 1827 422 1857 nemi
464 1814 565 1868 Ergo
580 1816 696 1856 Beata
716 1816 840 1869 Virgo
851 1829 933 1855 non
945 1830 1101 1857 contra.

313 1877 370 1912 xit
393 1886 593 1928 peccatum
615 1871 826 1929 Originale.
870 1875 969 1914 Min.
984 1873 1099 1921 Prob.

313 1931 461 1971 Natura
483 1933 696 1985 primorum
713 1930 930 1972 nostrorum
958 1947 1098 1989 paren-

310 2002 395 2028 tum
420 1987 491 2028 fuit
515 2003 663 2035 creata,
696 1989 808 2029 nullis
831 1991 1097 2033 antecedenti-

310 2045 378 2087 bus
406 2050 569 2092 meritis,
601 2047 677 2087 fine
707 2063 869 2104 peccato
894 2079 905 2096 ,
943 2053 984 2090 in
1012 2065 1097 2107 gra-

307 2104 390 2145 tia:
424 2110 477 2145 Ut
502 2120 594 2160 ergo
626 2105 715 2147 huic
749 2107 986 2148 excellentiae
1018 2112 1098 2150 Re-

307 2164 486 2219 demptio
508 2178 729 2217 coaequetur
746 2195 757 2211 ,
791 2165 852 2206 vel
872 2180 913 2206 ut
938 2182 1024 2207 eam
1047 2166 1104 2208 su-

309 2236 415 2278 peret
431 2251 441 2268 ,
472 2220 602 2262 salvari
618 2223 726 2262 aliter
748 2238 829 2263 non
852 2224 978 2279 potest
993 2254 1004 2271 ‚
1034 2227 1103 2266 nisi

306 2281 462 2336 perhoc
477 2310 487 2326 ,
519 2281 625 2334 quod
647 2285 764 2321 etiam
784 2280 911 2336 aliqua
933 2297 1102 2325 creatura

306 2339 421 2379 fuerit
452 2339 680 2395 redempta,
712 2340 982 2396 redemptione
1006 2357 1099 2398 prae-

308 2396 488 2438 servativa
516 2427 527 2443 ‚
558 2413 605 2437 ex
636 2402 781 2439 meritis
820 2400 988 2446 Christi,
1022 2401 1099 2443 fine

305 2470 468 2512 peccato
484 2486 493 2502 ,
526 2460 565 2495 in
579 2456 699 2512 gratifi
712 2487 721 2503 ‚
753 2457 866 2498 nullis
879 2460 1098 2514 praeceden—

306 2514 404 2554 tibus
433 2516 591 2570 proprijs
622 2519 777 2556 meritis.
837 2515 910 2558 Sed
931 2517 955 2556 fi
982 2521 1096 2560 Beata

303 2577 425 2629 Virgo
450 2573 694 2613 contraxisset
707 2588 912 2630 peccatum
931 2579 1098 2633 origina-

305 2630 365 2677 le,
406 2630 510 2671 nulla
542 2631 705 2687 amplius
729 2648 900 2673 creatura
927 2635 1096 2690 affignari

305 2688 437 2745 posset,
464 2704 547 2743 quae
563 2688 673 2730 simili
685 2692 807 2732 modo
816 2690 905 2733 esset
919 2693 1095 2753 redemp-

305 2763 353 2789 ta.
393 2750 495 2804 Ergo
512 2753 590 2789 &c-

515 2822 554 2891 ᾗ.
568 2838 620 2893 4.
643 2825 872 2896 ffstoria.

304 2922 515 2980 0&aequ
541 2950 555 2968 ,
595 2914 657 2963 ob
694 2917 927 2965 honoreM
965 2921 1097 2968 Con.

442 2991 721 3047 CeptlonIs‚
749 2993 949 3036 oranDa.

302 3071 577 3174 LAudanda
606 3072 845 3128 summopere
861 3102 873 3119 ,
914 3089 960 3114 ac
984 3072 1097 3115 valde

413 3129 715 3175 c;·¹.ebmndaest‚
741 3132 1094 3173 Concionatorisil-

734 85 828 144 De
849 82 1141 163 Conceptei
1159 84 1316 145 Sacra
1335 80 1590 160 Deipara.

1180 171 1274 219 lius,
1304 176 1345 213 in
1386 175 1553 214 Civitate
1587 171 1776 228 Aquilanfi
1797 200 1807 217 ,
1837 168 1969 210 habita

1177 231 1381 285 quondam
1391 232 1439 272 ad
1456 230 1642 288 populum
1653 231 1871 271 exhortatio
1881 254 1892 271 2
1927 225 1968 265 id

1175 288 1342 330 studiose
1353 289 1610 346 persuadentis
1625 319 1636 336 ‚
1668 302 1708 330 ut
1727 292 1764 328 in
1778 286 1888 328 omni
1900 288 1966 326 tri-

1172 346 1372 389 bulatione
1384 377 1394 394 ‚
1418 348 1621 389 Auditores
1633 346 1886 388 Beatissimam
1897 344 1964 385 de-

1173 419 1417 461 precarentur
1435 410 1639 463 Virginem
1651 436 1662 452 ,
1692 406 1881 460 quatenus
1896 416 1966 443 eos

1172 463 1333 505 liberare
1346 465 1535 521 dignetur,
1553 465 1605 505 ob
1616 465 1809 504 honorem
1822 491 1832 509 ,
1849 477 1894 502 ac
1906 476 1964 501 re-

1173 526 1387 564 verentiam
1411 523 1669 563 immaculata:
1688 524 1760 563 suae
1780 523 1964 575 Concep-

1172 583 1300 621 tionis.
1358 583 1523 637 Experta
1535 581 1589 622 est
1609 580 1796 622 salubrem
1817 580 1966 621 Conci-

1170 641 1257 679 onis
1271 639 1382 693 hujus
1404 638 1583 680 effectum
1604 638 1742 679 mulier
1759 638 1962 694 quaedam,

1169 711 1255 752 quae
1267 697 1380 739 finito
1401 711 1482 739 tam
1501 701 1706 744 Sermone,
1736 695 1855 752 quam
1874 694 1962 736 reli-

1168 770 1250 810 quo
1274 758 1426 799 Divino
1447 755 1576 797 officio
1599 786 1611 805 ,
1647 756 1812 797 domum
1836 769 1960 796 rever-

1168 812 1205 853 fii
1222 843 1233 859 ‚
1264 813 1388 855 filium
1408 814 1461 855 ibi
1487 814 1615 861 suum,
1647 829 1765 869 quem
1800 816 1960 854 unicum

1168 871 1337 913 habebat
1351 902 1362 919 ,
1391 871 1493 927 furijs
1504 873 1665 929 plenum
1681 876 1851 919 invenit,
1882 871 1962 927 gla-

1167 930 1238 971 dio
1251 930 1423 972 diffiido
1448 931 1664 987 sibimetipsi
1683 946 1823 972 necem
1844 929 1960 970 infer-

1167 1004 1208 1029 re
1220 1003 1415 1045 paratum:
1448 989 1497 1031 eo
1521 1005 1664 1046 nempe
1695 989 1858 1029 nefarius
1892 987 1959 1028 ille

1167 1047 1294 1089 homo
1305 1047 1577 1105 desperationis
1593 1049 1809 1089 devenerat.
1848 1045 1959 1102 Qud

1167 1105 1234 1146 hic
1262 1107 1378 1162 plena
1402 1122 1545 1148 terrore
1579 1121 1703 1148 mater
1728 1119 1739 1147 ?
1789 1105 1958 1146 clamare

1167 1163 1270 1205 certe
1283 1165 1359 1212 illa,
1381 1181 1425 1206 ac
1437 1165 1630 1207 obsecrare
1643 1195 1653 1212 ,
1669 1181 1719 1206 ne
1736 1169 1773 1205 in
1796 1165 1958 1206 DEUM

1162 1221 1294 1270 fimul,
1328 1228 1427 1265 acin
1440 1224 1597 1281 seipsum
1618 1227 1777 1280 impius,
1808 1222 1958 1265 violen-

1163 1293 1218 1321 tas
1231 1282 1370 1323 inferat
1381 1297 1516 1324 manus
1533 1287 1621 1326 vitae
1633 1312 1644 1328 ‚
1675 1284 1778 1337 cujus
1791 1297 1874 1323 non
1886 1281 1959 1322 ha-

1162 1338 1269 1381 beret
1286 1341 1521 1382 dominium.
1579 1343 1679 1382 Non
1694 1342 1801 1382 audit
1823 1354 1957 1382 tamen

1159 1412 1353 1441 maternas
1378 1415 1508 1457 preces
1536 1398 1694 1441 furiosus
1715 1399 1838 1446 filius,
1869 1397 1954 1439 imo

1157 1455 1331 1512 gladium
1354 1458 1448 1499 hinc
1472 1459 1564 1499 inde
1587 1457 1789 1499 discutiens
1805 1487 1814 1504 ‚
1844 1460 1884 1497 in
1896 1457 1956 1498 fu„

1156 1529 1248 1570 gam
1272 1516 1307 1557 se
1331 1521 1479 1573 recipit.
1509 1516 1573 1557 sed
1617 1522 1727 1557 ecce!
1757 1517 1950 1557 currendo

1153 1577 1319 1620 corruit,
1349 1575 1539 1632 spectante
1554 1589 1698 1622 matre,
1729 1582 1769 1618 ὃς
1790 1575 1950 1630 quidem

1151 1629 1260 1688 super
1270 1632 1392 1689 ipsum
1406 1633 1579 1690 gladium
1589 1663 1600 1681 ,
1629 1649 1747 1689 quem
1759 1634 1807 1675 ad
1819 1636 1950 1690 pectus

1152 1690 1321 1746 positum
1331 1691 1557 1734 furibundus
1567 1706 1760 1739 tenuerat,
1783 1692 1949 1749 proster-

1153 1751 1267 1790 nitur.
1324 1753 1404 1794 Vix
1415 1750 1541 1792 casum
1551 1751 1689 1792 mulier
1700 1750 1915 1794 observavit
1934 1780 1946 1797 ,

1149 1809 1242 1849 cum
1261 1807 1414 1856 statim,
1444 1810 1579 1850 mente
1604 1810 1654 1851 ad
1675 1811 1948 1860 MARIAM

1148 1864 1295 1907 elevati}
1310 1872 1321 1917 (
1339 1881 1381 1908 ut
1391 1867 1412 1908 a
1428 1870 1723 1910 Concionatore
1734 1868 1865 1926 paullo
1877 1884 1945 1909 an-

1148 1922 1186 1964 te
1203 1925 1411 1976 didicerat)
1427 1926 1479 1968 ob
1494 1927 1701 1974 honorem,
1714 1943 1758 1968 ac
1767 1943 1945 1968 reveren-

1146 1985 1241 2023 tiam
1254 1985 1512 2026 immaculatae
1533 1985 1604 2026 suae
1620 1988 1906 2042 Conceptionis
1930 2016 1942 2034 ,

1144 2042 1313 2083 candem
1330 2047 1499 2100 rogavit,
1530 2059 1571 2084 ut
1586 2044 1608 2085 ὲ
1624 2058 1735 2085 tanto
1757 2059 1842 2085 tum
1857 2061 1944 2086 cor-

1143 2103 1268 2156 poris,
1298 2116 1382 2142 tum
1427 2106 1567 2143 animae
1608 2102 1805 2159 periculo,
1834 2102 1944 2145 suurn

1154 2158 1362 2200 defendere
1398 2160 1520 2201 filium
1539 2187 1550 2204 ‚
1593 2165 1656 2217 pia
1683 2164 1812 2202 Mater
1857 2163 1941 2219 dig-

1153 2230 1316 2257 naretur.
1377 2220 1466 2259 Nec
1488 2218 1590 2259 certe
1621 2224 1746 2260 inanis
1763 2220 1835 2260 fuit
1855 2236 1942 2277 per-

1152 2273 1274 2316 soluta
1330 2276 1383 2317 ob
1423 2277 1619 2319 honorem
1656 2281 1940 2335 Conceptionis

1151 2337 1296 2380 orat1'03
1327 2339 1419 2376 cum
1445 2340 1552 2377 enim
1569 2336 1716 2393 gladius
1732 2341 1865 2378 omnia
1876 2353 1943 2380 ve-

1148 2390 1348 2440 stimenta,
1380 2394 1463 2435 imo
1501 2402 1543 2438 ὃς
1580 2395 1772 2435 indusium
1821 2411 1942 2452 pene-

1148 2448 1293 2498 trzi‘ffet,
1323 2451 1450 2508 ficc'lue
1481 2454 1531 2494 ad
1551 2454 1697 2494 nudam
1721 2453 1833 2508 usque
1857 2470 1940 2496 car-

1146 2523 1239 2549 nem
1260 2510 1434 2552 cadentis
1457 2511 1524 2566 filij
1539 2510 1809 2568 pertransisset,
1839 2513 1940 2555 adeo

1146 2565 1216 2608 sese
1228 2569 1431 2610 confestim
1445 2570 1610 2615 reflexit,
1645 2584 1687 2611 ut
1708 2570 1939 2614 molliffimae

1145 2625 1261 2667 instar
1282 2643 1378 2669 cerae
1388 2627 1560 2672 effeetus,
1592 2627 1640 2668 ad
1656 2641 1737 2669 tam
1758 2644 1939 2686 potentes

1144 2688 1274 2726 matris
1295 2686 1346 2727 ad
1363 2688 1587 2728 MARIAM
1606 2701 1757 2742 preces,
1788 2688 1938 2731 nullam

1145 2742 1285 2785 furenti
1298 2745 1379 2786 filio
1395 2745 1589 2786 laefionem
1611 2745 1792 2788 intulerit.
1856 2750 1936 2788 No-

1215 2804 1371 2851 warinus,
1385 2803 1509 2845 lebrci¹
1525 2804 1653 2860 Virgin.
1667 2820 1792 2852 excurs.
1807 2823 1863 2856 17.

1444 2862 1567 2920 pagina
1588 2871 1641 2909 ἄρ’.

1504 2975 1562 2999 k*

1522 3013 1543 3033 ’Χ
