2164 3413
102 467 125 486 c.
134 469 160 493 4.
170 457 204 486 de

102 499 188 528 Laud.

101 542 125 569 S.
137 543 231 569 Annae„

103 1278 172 1308 Psal.
183 1289 227 1315 30.

102 1330 129 1349 v.
146 1330 191 1357 13.

310 124 395 194 316

269 226 310 253 to
331 212 530 251 cernimus.
591 207 752 251 Pulchre
792 210 832 247 in
855 207 955 247 hanc
978 220 1057 246 rem

271 269 497 310 doetiffimus
510 268 636 310 noster
647 266 881 309 Trithemius
893 277 1057 322 perorat,

272 327 366 368 dum
405 326 504 368 hisce
530 330 676 369 Divam
706 329 886 369 Annam,
917 322 1058 379 puriffi-

270 400 344 426 mae
359 389 527 442 Virginis
548 387 789 427 Genitricem
804 409 814 428 ‚
857 380 1028 422 dilaudat
1048 394 1057 419 t

270 445 353 483 Non
373 445 488 483 eratin
500 440 602 499 lsra’e'l
617 443 755 498 ſsznflior
770 441 875 479 altera
888 469 898 486 ‚
929 455 993 495 quae
1023 439 1056 477 in

269 503 460 558 conceptione
483 504 583 540 DEI
606 500 795 544 Genitricv's,
827 498 959 554 Spiritui
975 501 1056 536 San-

268 561 317 599 Ho
336 560 467 614 vivsfine
478 559 602 599 marulli
612 558 791 609 construxit.
855 558 943 596 Erat
964 569 1056 610 ergo

268 620 415 658 Minui
434 620 495 658 Vas
504 617 573 673 fine
588 615 732 662 matum,
770 628 968 668 nunquam
985 613 1058 652 dis-

268 690 448 732 ruptum3
479 679 568 730 quia
585 675 802 716 constanter
823 685 952 712 novum.
984 671 1058 711 dis-

267 748 421 790 ruptum
439 733 599 775 econtra
629 747 686 774 vas
717 762 727 778 ,
759 746 893 774 natura
912 730 966 770 est
988 729 1056 769 hu-

267 807 383 833 mana
401 792 542 847 reliqua
554 822 564 838 ,
593 793 756 833 formata
775 789 934 844 quidem
955 787 976 829 a
988 789 1056 828 Fa-

266 853 371 892 &ore
394 850 568 907 supremo
587 877 599 894 ‚
630 856 671 892 &
696 849 871 905 insignita
885 849 1054 903 imagine

266 911 492 951 Divinitatis
537 906 832 965 elegantifiima:
862 919 938 952 vivs,
971 919 1056 945 om-

265 967 364 1008 nino
382 967 568 1024 repletum
579 971 677 1008 vino
698 963 882 1023 generoso
903 993 912 1009 ,
939 966 1056 1019 origi-

265 1025 361 1066 nalis
385 1026 552 1080 justitiae,
579 1040 619 1066 at
650 1038 804 1080 ruptum
826 1052 836 1068 ‚
866 1021 1056 1077 compres-

266 1083 423 1140 sumque
436 1084 576 1126 Adami
601 1082 713 1139 culpa
732 1112 743 1128 ‚
787 1079 946 1121 dolente
970 1094 1055 1135 rup-

269 1156 394 1183 turam
404 1142 488 1183 tota
499 1141 631 1183 mistrfi
648 1140 865 1198 posteritate
876 1167 886 1184 ,
903 1144 942 1180 ὅ(
959 1152 1056 1192 quo-

269 1199 365 1242 libet
385 1200 558 1242 nostrum
569 1215 617 1240 ex
637 1215 703 1240 ore
714 1197 875 1240 Davidis
896 1211 1054 1253 gemen-

270 1272 309 1300 te
330 1276 339 1300 :
372 1260 489 1299 fastus
515 1258 589 1314 fimi
612 1272 766 1314 tanquam
789 1270 847 1298 ms
863 1254 1025 1313 perditum
1043 1280 1055 1297 ,

266 1332 330 1360 vas
365 1316 555 1372 abjectum
571 1346 583 1363 ,
613 1316 803 1361 dirutum,
848 1313 1057 1370 inglorium

266 1375 609 1417 contumeliosum:
642 1378 706 1414 VM
725 1373 857 1418 oculis,
875 1372 973 1427 proh
985 1371 1055 1412 do-

265 1433 343 1474 lor!
371 1433 498 1491 stygijs
518 1433 674 1490 placens
692 1451 702 1479 5
733 1435 820 1486 quia
833 1434 966 1472 vinum
981 1432 1056 1471 Di-

268 1495 367 1535 vinae
379 1495 527 1549 gratiae,
560 1490 689 1548 inipso
704 1490 755 1531 sui
766 1489 948 1534 exordio,
973 1503 1056 1544 per-

269 1549 348 1591 dite
359 1550 608 1608 profundens.
637 1552 766 1603 Quare
782 1577 792 1594 ,
810 1551 899 1588 cum
910 1549 1056 1588 MAiuA

272 1607 350 1650 sola
385 1615 448 1659 (ut
466 1608 653 1657 vidimus)
680 1610 740 1647 Vm
756 1607 798 1648 fit
817 1605 962 1662 semper
984 1620 1056 1646 no-

101 1669 260 1714 tuvspeculo.
274 1681 388 1712 vum,
421 1678 539 1724 purum
559 1695 570 1712 ,
594 1666 737 1722 purim,
763 1665 957 1722 puriffimum
973 1693 983 1710 ,
1014 1676 1056 1704 ut

271 1738 431 1768 vocatur
455 1723 478 1765 a
496 1723 678 1766 Fulberto
699 1721 927 1764 Carnotenfi
951 1738 961 1762 z
992 1724 1052 1761 Vas

265 1785 422 1827 Divinis
437 1782 592 1839 placens
603 1781 743 1827 oculis,
771 1779 913 1837 gratia,
943 1777 1054 1821 Deo-

267 1840 431 1898 queipso
451 1840 629 1897 plenum:
661 1838 823 1895 quilibet
854 1837 1029 1879 nostrum
1045 1867 1055 1883 ,

268 1899 456 1955 tanquam
480 1912 538 1940 wat
564 1900 599 1939 in
630 1898 850 1939 contumeliam
871 1922 884 1940 ‚
921 1897 970 1938 ad
998 1909 1057 1937 vat

267 1959 303 1998 in
321 1959 486 2001 honorem,
512 1959 724 2014 Deiparam
742 1985 754 2003 ‚
783 1968 969 1997 recurrat:
1000 1968 1058 1996 at-

268 2032 343 2072 que
356 2020 441 2071 qui,
471 2030 588 2070 quam
602 2015 825 2058 habuimus,
856 2015 1057 2069 &accepia

268 2090 354 2117 mus
365 2079 405 2114 in
424 2073 645 2130 Baptismali
659 2073 768 2114 fonte
782 2102 794 2119 ,
825 2075 988 2129 gratiam
1000 2073 1054 2125 ju-

268 2133 519 2178 stificantem,
549 2131 656 2174 illam
690 2135 808 2172 etiam
828 2130 1055 2185 delinquen-

268 2191 323 2233 do
347 2191 600 2248 perdidimus,
631 2205 698 2247 per
717 2192 898 2230 MARiAM
918 2192 1057 2229 iterum

268 2249 378 2291 illam
398 2248 510 2291 nobis
545 2247 804 2304 superinfundi
831 2276 842 2294 ,
885 2246 1057 2288 calidiffi-

268 2312 341 2351 mis
355 2307 528 2366 precibus
549 2306 821 2365 efflagitemus!

447 2406 487 2470 §.
510 2416 562 2458 2.
594 2399 891 2453 Authoritas.

269 2500 744 2548 TertVLLIanVs
804 2499 856 2541 M
879 2507 908 2539 A
928 2494 1051 2539 RIAE

414 2567 639 2618 Constans
678 2561 919 2613 Defensor.

269 2655 399 2695 DELIS
420 2651 586 2707 imaginem
596 2647 693 2703 fitam
712 2646 734 2686 ἁ
748 2644 874 2686 diabolo
894 2656 1019 2701 captam
1039 2673 1050 2689 ,

325 2709 439 2752 aemulae
473 2708 650 2766 operatione
673 2731 686 2749 a
740 2705 951 2760 recuperavit.
1011 2706 1052 2742 In

322 2769 490 2826 Virginem
507 2765 609 2805 adhuc
636 2765 752 2804 Ewam
781 2764 843 2802 irre
856 2761 946 2816 strat
973 2773 1052 2800 ‘ver-

322 2828 399 2868 bum
412 2825 641 2881 aedificatorium
665 2821 775 2861 mortis
792 2837 803 2860 :
831 2821 866 2860 in
885 2819 1052 2875 Virginem

324 2885 406 2942 aequci
437 2880 693 2925 introducendum
725 2893 794 2918 erat
829 2879 947 2917 DEI
974 2881 1052 2916 Wr-

320 2944 395 2984 bum
419 2970 429 2986 ,
461 2940 687 2981 εκῑγιιὶἶονὶκνη
711 2936 808 2981 vitoe,
839 2951 875 2975 ut
897 2933 981 2992 quod
991 2946 1052 2991 per

317 2999 500 3055 bujmmodi
517 2999 633 3053 fixum
652 2996 775 3036 abierat
790 2996 822 3033 in
829 2993 1049 3051 perditionem,

319 3071 376 3116 per
392 3057 521 3099 eundem
533 3057 670 3110 sexum,
698 3053 887 3109 redigeretur
915 3054 948 3091 in
957 3051 1049 3106 salu-

318 3132 394 3157 tem.
456 3113 634 3154 Crediderat
663 3115 747 3152 Eva
789 3110 951 3167 serpenti,
982 3125 1048 3149 cre-

319 3173 406 3218 didit
427 3173 612 3227 MARIA
620 3169 784 3214 Gabrieli:
816 3167 901 3225 quod
909 3167 961 3210 illa
982 3183 1049 3210 cre·

684 114 776 175 De
793 110 1081 192 Coneepta
1095 112 1245 173 Sacra
1258 110 1508 190 Deipara‚

1165 205 1263 246 dendo
1288 205 1420 261 deliquit
1440 232 1451 249 ,
1493 202 1555 242 haec
1577 199 1726 241 credendo
1766 195 1895 238 deleant⁴

1163 264 1246 306 Lib.
1257 263 1304 304 de
1331 277 1444 303 carne
1457 259 1609 302 Christi.
1626 275 1657 299 e.
1672 274 1727 312 17·

1333 383 1371 435 ξ.
1398 385 1436 443 3.
1467 375 1648 434 Ratio.

1140 468 1323 517 vaere
1344 470 1701 514 ConDeCenter
1726 464 1860 510 Desl-
1907 458 2017 528 633.

1273 542 1435 584 Deras?
1456 535 1590 583 ane
1626 537 1733 597 parI.

1107 630 1136 654 Γ
1211 627 1362 668 Ritum,
1405 637 1449 662 ac
1493 621 1689 677 vulgatum
1730 623 1896 661 Axioma

1235 681 1307 722 est:
1335 681 1434 720 Siw's
1454 679 1589 725 nubere,
1626 680 1705 719 nube
1719 681 1804 735 pari.
1839 680 1892 718 uti

1105 744 1222 781 ctiam
1252 739 1500 780 confirmatur
1532 741 1572 777 in
1599 742 1686 789 Jure
1714 741 1754 779 L.
1782 751 1842 776 art.
1848 736 1890 791 ff

1105 798 1143 838 de
1155 799 1216 843 aa.
1238 807 1276 841 (9‘
1295 798 1366 837 obli.
1398 801 1616 841 Senatores,
1647 796 1825 840 Praefec'ti,
1848 803 1888 837 δί.

1106 856 1166 910 alij
1196 861 1237 897 in
1262 854 1512 912 dignitatibus
1554 854 1749 895 constituti
1774 883 1785 900 ,
1822 855 1890 894 du-

1104 931 1191 956 cere
1211 930 1292 955 non
1318 913 1462 954 debent
1489 912 1645 954 ancillas
1671 939 1681 956 ,
1712 912 1776 953 vel
1802 912 1891 953 alias

1105 973 1277 1015 obscuras
1300 972 1493 1017 mulieres,
1527 970 1633 1012 nulla
1665 971 1849 1027 dignitate
1880 999 1891 1017 ,

1105 1032 1166 1074 vel
1184 1030 1385 1072 nobilitate
1398 1029 1546 1071 affeetas
1565 1033 1605 1069 in
1620 1045 1767 1070 uxores.
1824 1032 1894 1070 At·

1104 1094 1169 1145 qui
1206 1094 1245 1130 in
1287 1089 1455 1130 maxima
1508 1087 1668 1144 poffibili
1705 1088 1895 1144 dignitate

1104 1148 1188 1189 sunt
1226 1147 1422 1189 constituti
1477 1147 1589 1187 Filius
1632 1149 1818 1192 Divinus,
1853 1153 1894 1188 ὅτ.

1105 1211 1261 1263 Spiritus
1272 1209 1439 1248 Sanchs.
1500 1208 1623 1261 Ergo,
1651 1219 1691 1244 ut
1708 1204 1893 1261 Sponsam

1105 1266 1412 1311 condecentem,
1447 1269 1486 1306 Se
1516 1265 1580 1304 suo
1611 1263 1733 1304 modo
1762 1278 1894 1319 parem

1106 1324 1268 1380 eligant,
1296 1324 1379 1364 haec
1401 1338 1483 1363 non
1499 1321 1616 1362 debet
1630 1319 1701 1362 esse
1726 1321 1864 1362 ancilla
1883 1351 1895 1368 ,

1106 1383 1166 1424 leu
1200 1385 1465 1438 mancipium,
1497 1381 1558 1421 sed
1595 1379 1754 1426 nobilis,
1785 1387 1825 1422 &
1851 1384 1893 1420 in

1104 1442 1292 1497 dignitate
1331 1439 1549 1480 constituta,
1591 1438 1786 1480 Substimo.
1818 1438 1892 1481 Sed

1105 1498 1257 1540 desasto
1290 1500 1420 1554 (juxta
1444 1512 1698 1539 communem
1719 1511 1894 1537 mentem

1105 1557 1300 1605 Ecclefiae)
1334 1556 1446 1597 Filius
1475 1556 1612 1596 dicitur
1631 1585 1642 1601 ‚
1676 1554 1741 1596 sibi
1758 1562 1893 1596 unien-

1105 1616 1158 1656 do
1170 1613 1408 1671 hypostatice
1435 1613 1717 1654 mundiffimam
1737 1628 1894 1654 carnem

1104 1677 1228 1715 Beatae
1245 1676 1430 1730 Virginis,
1458 1675 1749 1713 matrimonium
1760 1676 1812 1712 ini
1815 1671 1891 1726 jise,

1102 1730 1285 1787 simulque
1313 1734 1495 1787 Spiritum
1514 1733 1694 1771 Sanetum
1715 1730 1801 1772 vere
1826 1730 1892 1771 sibi

1103 1788 1337 1847 desponsasse
1350 1793 1507 1830 Beatam
1517 1792 1730 1844 Virginem.
1789 1791 1892 1845 Ergo

1105 1849 1187 1892 haec
1213 1863 1296 1889 non
1307 1847 1440 1889 debuit
1470 1846 1542 1887 esse
1567 1846 1723 1888 obscura
1740 1848 1891 1895 mulier,

1106 1906 1168 1948 sed
1180 1906 1332 1952 nobilis,
1345 1913 1419 1949 διε.
1481 1905 1554 1947 Sed
1569 1906 1594 1945 ss
1612 1905 1726 1947 semel
1738 1920 1891 1948 contra-

1104 1964 1211 2006 xiffet
1242 1978 1444 2022 peccatum
1464 1963 1650 2020 originale
1667 1991 1678 2008 ‚
1709 1965 1785 2018 jam
1807 1979 1891 2006 non

1106 2023 1267 2081 amplius
1309 2022 1399 2065 effet
1427 2022 1592 2069 nobilis,
1623 2021 1686 2063 sed
1723 2023 1889 2070 ancilla,

1105 2085 1413 2140 &mancipium,
1448 2096 1588 2137 nempe
1599 2080 1764 2122 diaboli:
1797 2097 1892 2123 con-

1105 2141 1302 2197 sequenter
1324 2156 1396 2181 nec
1414 2138 1504 2180 esset
1527 2143 1567 2180 in
1589 2140 1776 2196 dignitate
1798 2156 1893 2181 con-

1106 2200 1253 2246 stituta,
1284 2203 1373 2254 quia
1398 2214 1463 2255 per
1482 2212 1681 2255 peccatum
1707 2198 1892 2255 originale

1106 2262 1188 2313 quis
1212 2261 1378 2314 privatur
1411 2256 1522 2298 omni
1544 2257 1730 2313 dignitate
1769 2257 1890 2312 iuper-

1104 2316 1299 2363 naturali,
1330 2313 1512 2371 iimulque
1558 2318 1598 2355 in
1639 2314 1893 2355 obscuriffimo

1104 2375 1200 2417 statu
1219 2374 1468 2416 constituitur.
1531 2375 1630 2429 Ergo
1641 2372 1794 2414 velnon
1820 2388 1889 2428 po-

1105 2434 1256 2475 tuiteffe
1274 2434 1353 2487 Filij
1368 2463 1377 2479 ‚
1408 2438 1447 2474 ὃς
1465 2434 1619 2488 Spiritus
1632 2433 1756 2472 Saneti
1777 2431 1888 2487 spon-

1101 2493 1157 2539 sa,
1189 2492 1294 2548 quod
1319 2491 1373 2532 est
1398 2505 1533 2532 contra
1565 2503 1736 2530 mentem
1758 2490 1889 2529 Eccle-

1100 2552 1158 2592 siae
1179 2569 1186 2591 ε
1224 2550 1286 2593 vel
1301 2550 1433 2591 debuit
1454 2547 1524 2590 effe
1538 2548 1614 2589 fine
1638 2561 1797 2603 peccato
1814 2552 1889 2588 ori-

1099 2608 1229 2668 ginali.

1311 2682 1350 2752 ξ.
1366 2696 1415 2752 4.
1438 2684 1666 2756 IItstoria.

1098 2792 1318 2845 MarItVs‚
1342 2786 1366 2835 ὲ
1387 2783 1580 2848 Βεῐρειῑὲ
1601 2791 1886 2846 CorrectVs.
1906 2811 2030 2881 634·

1198 2877 1379 2915 Armonae
1396 2901 1408 2918 ‚
1438 2872 1599 2928 Oppido
1627 2874 1798 2928 quodam
1813 2877 1887 2916 Lu-

1229 2932 1391 2976 fitaniae‚
1427 2933 1483 2971 vir
1493 2928 1691 2972 habitabat
1703 2959 1714 2976 ‚
1735 2935 1888 2975 Doe‘cor

1100 2992 1218 3042 Juris‚
1236 2992 1335 3043 vitijs
1346 2989 1568 3044 depravatus
1583 3015 1594 3032 >
1624 2995 1664 3030 in
1680 2992 1888 3047 conjugem

1100 3047 1245 3089 summe
1265 3046 1430 3092 [eveum
1461 3061 1548 3103 erga
1558 3050 1886 3105 pauperesdurifli«

1098 3121 1202 3147 mus:
1232 3107 1335 3159 cujus
1365 3104 1469 3145 frons
1498 3120 1581 3146 non
1609 3106 1675 3146 nifi
1704 3106 1884 3154 nebulas,

1097 3163 1200 3206 oculi
1214 3167 1339 3222 ignes,
1363 3178 1409 3204 os
1426 3166 1595 3207 tonitura
1613 3194 1626 3212 ,
1658 3180 1792 3211 manus
1812 3165 1885 3206 ful-

1787 3237 1859 3264 mi-
