2164 3413
341 225 531 269 subsistere
541 223 728 271 voluit,acl
751 222 866 264 instar
874 221 1043 263 sollicitae
1055 219 1135 277 gal—

337 284 431 327 linae
454 299 531 327 ova
554 284 741 328 foventis,
770 288 809 324 ὅ(
829 284 937 323 vivos
965 279 1134 335 satagen—

343 348 389 385 tis
414 343 539 400 pullos
568 342 755 386 educere,
784 337 978 394 quousQue
1003 335 1133 394 postea

339 402 508 443 'formata
541 403 709 443 extiterit
741 398 806 438 lux
836 397 987 443 isthaec,
1018 410 1132 437 orna-

337 474 423 502 tum
435 459 602 503 coelum,
631 456 783 498 exculta
797 455 926 501 tellus,
948 454 1132 495 mundus-

334 534 413 574 que
450 532 554 560 totus
597 514 739 557 affabre
778 513 979 554 fabricatus
1009 530 1015 552 :
1047 513 1096 553 fic
1117 542 1128 559 ,

337 580 430 618 cum
442 575 610 618 tenebrae
631 574 749 615 essent
764 571 869 629 super
884 570 1024 629 abyfficm
1040 586 1127 628 pec-

335 638 460 676 cantis
478 633 619 676 Adami
633 663 642 678 ‚
670 647 753 687 quae
778 634 895 672 etiam
911 633 1128 671 Marianam

334 692 567 735 involuturae
594 690 734 747 abyfficm
763 689 1017 734 videbantur,
1049 687 1130 744 pla-

334 755 415 793 cuit
435 753 587 793 Divino
600 751 753 806 Spiritui
769 750 848 803 jam
864 762 969 794 tum,
987 746 1129 803 magnai

331 809 590 851 sollicitudine
644 807 750 864 super
796 809 1022 848 MARIAM
1046 808 1130 860 qui-

332 867 480 915 escere,
522 881 564 909 ut
593 865 677 907 luce
704 868 834 922 gratiae
859 894 871 911 ,
909 867 1051 904 mirum
1084 867 1127 903 in

331 927 523 972 modum,
552 939 642 967 ante
672 939 808 965 omnes
837 925 986 979 peccati
1020 920 1125 978 abys-

326 985 389 1028 sos
421 985 602 1027 illustrata
628 1013 639 1029 ‚
667 981 924 1025 ardentiffima
958 980 1121 1020 charita-

328 1056 369 1084 te
386 1074 398 1091 ‚
426 1039 687 1097 virtutumt'pe
702 1043 882 1081 omnium
902 1038 1094 1094 elegentifi
1108 1067 1120 1084 ‚

325 1102 439 1144 nullo
460 1116 543 1142 non
558 1113 764 1141 momento
798 1097 909 1138 fuerit
934 1097 1120 1137 ornatiss-

321 1160 392 1202 me
411 1159 564 1201 exculta
577 1187 588 1204 ,
621 1156 746 1213 sicc'lue
770 1159 812 1196 in
827 1156 987 1212 dignam
998 1157 1040 1195 D
1057 1156 1086 1195 E
1101 1156 1119 1195 I

322 1221 571 1260 Genitricem
616 1214 887 1272 elegantiffime
925 1213 973 1254 ab
1008 1216 1123 1254 initio

323 1278 597 1333 conceptionis
609 1273 803 1315 fabricata.
877 1274 917 1314 O
929 1287 1022 1328 ergo
1037 1271 1121 1312 feli-

321 1334 466 1377 ciffima
475 1336 633 1378 Divinae
656 1330 924 1373 mistricordiae
940 1328 1118 1387 Abyffus!

320 1396 504 1451 OVirgo
530 1406 588 1434 ter
614 1389 862 1432 immaculata
880 1419 892 1436 ,
923 1392 1012 1444 quia
1039 1403 1117 1429 ante

777 121 871 184 De
882 117 1171 201 Concepta
1196 118 1351 181 Sacra
1371 116 1611 201 Deipara

1183 232 1277 260 nem
1288 249 1299 266 ‚
1316 218 1365 260 ab
1386 232 1532 260 aeterno
1543 231 1623 260 erat
1634 229 1752 260 tantae
1765 222 1984 275 Sapientiaes

1184 292 1228 317 ac
1250 280 1435 334 p0tentiae
1458 307 1469 323 ,
1514 281 1556 317 in
1585 276 1767 333 eligendo
1796 276 1861 318 sibi
1885 282 1975 322 Ma⁴

1183 348 1305 380 trem,
1336 335 1465 376 omnis
1482 338 1738 391 corruptionis
1759 350 1969 391 expertem,

1181 408 1335 448 quantae
1356 394 1427 434 fuit
1449 397 1649 450 Sapientiae
1670 423 1681 440 ‚
1722 408 1766 434 ac
1787 399 1973 449 potentia:

1181 453 1292 493 Pater
1307 466 1468 493 aeternus
1484 477 1495 498 ,
1525 456 1565 492 in
1575 452 1828 508 producendo
1841 454 1972 509 quoad

1181 510 1280 551 intra
1298 510 1347 551 ab
1379 523 1523 551 aeterno
1547 510 1742 566 coaequale
1773 509 1838 551 fibi
1873 517 1970 555 Ver-

1180 567 1273 609 bum
1287 586 1295 610 :
1328 571 1447 623 Atqui
1458 570 1568 609 Pater
1577 584 1739 610 aeternus
1749 583 1830 609 non
1843 575 1971 626 potuit.

1180 625 1282 667 aliud
1313 626 1486 670 Verbum
1538 627 1747 683 producere
1771 654 1783 674 ,
1810 629 1878 669 nisi
1901 629 1969 670 fibi

1179 699 1351 740 gratum,
1392 699 1437 725 ac
1465 700 1597 741 expers
1619 685 1748 726 omnis
1778 692 1969 744 corrupti-

1179 746 1265 784 onis
1292 760 1300 784 :
1342 746 1447 800 Ergo
1485 757 1603 785 etiam
1627 744 1870 801 Redemptor
1896 762 1970 786 no-

1177 800 1250 841 ster
1274 814 1358 843 non
1397 805 1523 858 potuit
1562 801 1678 845 aliam
1708 802 1848 859 eligere
1880 807 1969 846 Ma-

1176 872 1276 900 trem
1291 889 1302 907 ,
1334 859 1403 900 nisi
1417 859 1483 900 fibi
1503 874 1671 916 gratam,
1707 875 1823 916 atque
1838 867 1969 904 omnis

1174 921 1432 974 corruptionis
1461 933 1669 974 expertem.
1733 920 1807 961 Sed
1831 936 1970 977 pecca.

1173 990 1257 1017 turn
1282 975 1470 1033 originale
1487 975 1592 1018 tollit
1614 980 1825 1019 amicitiam
1845 982 1938 1021 DEI
1953 1005 1968 1025 a

1170 1050 1214 1075 ac
1228 1037 1566 1091 incorruptionem
1585 1039 1745 1083 animae,
1762 1041 1813 1079 ’ὃς
1827 1052 1967 1096 corpo-

1170 1096 1232 1133 ris.
1291 1095 1394 1150 Ergo
1404 1093 1577 1135 Christus
1591 1109 1675 1135 non
1696 1099 1824 1151 potuit
1845 1097 1968 1139 talem

1169 1153 1343 1193 Matrem
1371 1151 1534 1208 eligere,
1573 1167 1659 1208 quae
1682 1153 1842 1195 haberet
1874 1171 1964 1212 pec-

1171 1224 1302 1251 catum
1314 1210 1510 1268 originale.
1527 1213 1619 1266 Maj.
1643 1211 1752 1253 Prob.
1815 1215 1969 1261 Eadem.

1171 1271 1375 1325 Sapientia,
1403 1271 1593 1316 Potentia,
1615 1270 1857 1313 &Voluntas
1877 1287 1963 1315 tan-

1170 1327 1287 1381 quam
1317 1327 1525 1384 praedicata
1565 1327 1736 1370 absoluta
1755 1359 1767 1376 ‚
1807 1329 1892 1373 sunt
1919 1336 1961 1373 in

1169 1385 1351 1426 omnibus
1371 1386 1489 1427 tribus
1504 1387 1673 1428 Personis
1684 1390 1848 1430 Divinis.
1892 1392 1960 1431 Er-

1164 1443 1218 1501 go
1241 1445 1267 1485 fi
1296 1448 1337 1485 in
1352 1446 1461 1486 Patre
1473 1445 1555 1486 fieri
1575 1445 1685 1486 aliter
1704 1461 1788 1488 non
1810 1452 1961 1504 potuit,

1164 1501 1283 1557 quam
1309 1502 1418 1559 quod
1446 1503 1669 1560 produxerit
1695 1505 1870 1547 Verbum
1891 1507 1959 1550 fibi

1164 1575 1341 1617 gratum,
1364 1575 1478 1616 atque
1508 1577 1641 1618 expers
1662 1562 1790 1604 omnis
1803 1579 1958 1623 corrup-

1162 1623 1280 1661 tionis
1300 1649 1313 1667 ,
1339 1623 1458 1661 etiam
1477 1625 1518 1660 in
1533 1620 1631 1661 Filio
1654 1620 1763 1662 aliter
1774 1622 1854 1663 fieri
1871 1638 1957 1666 non

1162 1681 1311 1734 potuit,
1341 1677 1460 1733 quam
1476 1677 1583 1734 quod
1607 1678 1764 1735 elegerit
1783 1683 1955 1725 Matrem

1161 1735 1229 1777 sibi
1249 1750 1423 1794 gratam,
1452 1749 1568 1794 atque
1607 1736 1736 1780 omnis
1767 1744 1954 1798 corrupti·

1159 1799 1247 1839 onis
1268 1808 1479 1854 expertem.

1371 1918 1412 1972 §.
1427 1923 1479 1981 4.
1514 1910 1746 1984 Historia.

1251 2027 1380 2077 LVes
1409 2028 1814 2074 MeDIoLanensIs
1837 2056 1852 2082 ‚

1368 2100 1496 2144 Voto
1533 2095 1727 2144 Ceffans.

1251 2193 1420 2250 Empore
1436 2193 1721 2240 Blanchorurn,
1750 2206 1830 2247 quo
1863 2189 1941 2231 lues

1292 2251 1515 2309 contagiosa
1561 2251 1680 2309 ipsttm
1739 2249 1941 2306 Ciialpinae

1147 2307 1286 2350 Galliae
1301 2310 1560 2366 Metropolim
1572 2340 1584 2357 ,
1610 2313 1818 2352 Civitatem
1831 2322 1941 2353 nem·

1147 2380 1195 2422 pe
1225 2368 1561 2410 Mediolanensem
1605 2367 1862 2426 pervadebat>
1895 2381 1939 2406 ac

1141 2424 1276 2467 locum
1300 2426 1429 2473 hunc,
1460 2426 1594 2483 populi
1619 2426 1863 2467 multitudine
1883 2440 1939 2464 rea

1141 2482 1379 2526 fertiffimum
1390 2515 1400 2532 ,
1427 2485 1574 2526 crudeli
1584 2485 1835 2542 plurimorum
1848 2482 1938 2523 stra,-

1141 2555 1189 2597 ge
1227 2544 1386 2597 jamjam
1407 2543 1640 2600 depopulata
1674 2542 1821 2589 fuerat,
1852 2541 1935 2582 τεῶ

1140 2601 1205 2641 dui
1228 2601 1342 2643 Urbis
1357 2602 1516 2648 incolae,
1548 2602 1597 2642 ad
1612 2599 1815 2657 spiritualia
1835 2615 1932 2640 con-

1139 2659 1233 2700 verfi
1280 2661 1474 2706 remedia,
1505 2663 1711 2715 Virginem
1729 2659 1934 2714 praesertim

1135 2718 1390 2760 Beatiffimam
1425 2721 1466 2758 in
1496 2718 1678 2758 auxilium
1715 2717 1932 2763 vocarunt,

1135 2790 1294 2823 votum,
1321 2781 1362 2817 in
1386 2775 1556 2830 ejusdem
1585 2776 1779 2817 honorem
1796 2805 1806 2821 ,
1836 2790 1931 2816 una-

1136 2837 1293 2876 nimiter
1313 2835 1517 2881 facientes,
1554 2833 1698 2889 quodfi
1727 2833 1930 2890 desperatis

1136 2891 1228 2933 alias
1247 2892 1357 2933 rebus
1375 2892 1590 2938 subvenire,
1622 2908 1666 2932 ac
1693 2891 1843 2949 potenti
1867 2891 1929 2932 sust

329 2971 427 3018 m
450 2972 611 3029 amu
648 2973 717 3020 ac
736 2973 892 3028 mu
927 2971 1048 3018 Mna
1135 2951 1238 3049 {²33¹
1258 2950 1416 3049 5332?
1455 2951 1754 3050 efficiaris}
1777 2952 1925 3049 {3115}

540 3044 816 3104 aeanLItaS.
1130 3080 1254 3112 retur,
1284 3066 1435 3107 Festum
1451 3023 1713 3109 Iimmaculatae
1741 3043 1923 3122 Contitep-

390 3121 536 3163 Hristus
552 3124 775 3180 redemptor
790 3124 938 3170 noster,
970 3134 1079 3164 ante-
1129 3127 1265 3169 tionis,
1297 3124 1480 3166 hactenus
1517 3125 1695 3166 nondum
1740 3124 1921 3166 celebrari

306 3220 309 3223 r
412 3179 755 3237 quamhumanam
774 3182 977 3225 assumeret
996 3196 1081 3225 cat-
1127 3181 1177 3224 ab
1208 3183 1251 3237 ijs
1280 3181 1458 3231 solitum,
1489 3182 1638 3227 solenni
1675 3182 1827 3240 singulis
1850 3198 1919 3223 an-

1830 3256 1888 3281 nis

316 1451 444 1509 abyffls
481 1450 647 1508 concepta!
676 1451 777 1490 Ecce
801 1448 850 1489 ad
872 1462 910 1489 te
939 1447 1116 1504 confugi-

316 1525 406 1552 mus
433 1526 445 1551 :
474 1509 554 1564 Aky
578 1525 617 1549 105
637 1537 648 1555 ,
678 1505 818 1564 abyssum
842 1508 973 1548 inwocat
997 1535 1009 1552 ,
1042 1521 1116 1547 nos

315 1567 464 1610 scilicet.
482 1572 537 1609 mi
554 1568 606 1608 eri
633 1580 871 1623 peccatores,
902 1579 1009 1606 tuam
1031 1579 1114 1605 ma-

319 1640 472 1669 ternam
483 1630 668 1684 pietatem
688 1629 696 1665 !
729 1624 770 1665 id
794 1627 953 1665 unicum
976 1621 1116 1680 suppli-

314 1688 414 1727 citer
437 1684 673 1742 flagitantes,
701 1695 743 1724 ut
759 1697 806 1724 ea
827 1681 940 1723 nobis
959 1680 1031 1722 esst:
1049 1697 1113 1724 ve-

316 1742 386 1791 lis,
415 1758 502 1800 quae
537 1742 560 1784 ὲ
589 1740 798 1797 Seraphico
839 1741 1112 1782 Bonaventura

315 1802 607 1860 depraedicans,
635 1801 823 1841 nimiri1m
832 1797 985 1855 Abyffios,
1015 1798 1111 1853 abys:

306 1863 383 1919 Ιῐιηι
403 1862 578 1908 invocans,
608 1856 837 1915 interpellando
847 1868 910 1913 pro
930 1856 1019 1897 nobis
1028 1868 1111 1915 prof

306 1919 534 1978 fimdffmam
547 1915 794 1975 mfiricordiam
804 1916 887 1971 Filij
900 1915 964 1973 tui=

136 1783 177 1820 1·
185 1785 262 1826 spec.

141 1828 227 1871 [³18-

483 2037 525 2102 §.
547 2046 598 2087 2.
632 2032 934 2085 Authoritas.

139 2134 265 2207 436·
305 2150 496 2201 IoannIs
518 2144 991 2213 HIerosoLIJMItanI,
1015 2159 1100 2208 pro

375 2222 471 2272 DEI
493 2219 744 2265 GenltrICe
768 2218 870 2263 sIne
891 2213 1027 2272 Labe,

577 2285 820 2336 sententla.

302 2398 413 2437 Petita
432 2391 536 2431 MA
539 2391 614 2444 RI
615 2389 658 2428 A
675 2387 713 2428 de
737 2386 856 2427 naturai*
875 2385 1015 2427 humanu¹
1029 2385 1094 2426 ali-

418 2464 467 2490 ter
482 2449 554 2504 fuit
573 2461 645 2487 orca
659 2475 670 2492 ‚
702 2447 777 2503 quia
800 2447 831 2485 in
850 2446 909 2502 fiio
931 2460 1001 2485 ortu
1031 2459 1094 2485 non

401 2509 473 2563 fuit
504 2519 638 2546 onerata
656 2503 870 2544 amaritudine
886 2503 1070 2544 deliflorum
1080 2529 1093 2548 ,

405 2564 468 2622 fid
482 2565 578 2616 instar
595 2563 677 2603 illius
700 2562 855 2602 nubeculae
882 2562 952 2616 fuit
982 2562 1066 2602 levis
1080 2591 1091 2608 ,

405 2636 466 2681 per
481 2623 711 2662 immunitatem
719 2632 918 2676 peccatorum
929 2645 939 2662 ³
966 2628 1004 2662 τῇ·
1018 2620 1092 2659 dul-

409 2683 455 2721 είς
491 2692 552 2737 per
585 2679 812 2736 plenitudinem
856 2677 1086 2732 charismatum.

414 2741 481 2781 De
502 2738 657 2779 institut.
674 2737 977 2779 Monachorum.
989 2752 1020 2777 c.
1031 2750 1085 2789 32.

537 2861 576 2912 ς.
589 2862 631 2922 3.
667 2853 848 2916 Ratio.

125 3030 250 3090 437·

1967 2056 2071 2119 4²5?
