2164 3413
106 1476 222 1546 617.

111 1996 209 2026 Luem.
220 2005 262 2026 22-

116 2263 224 2293 Matth.

117 2313 142 2337 c.
157 2314 167 2334 1
176 2311 201 2336 6.

742 111 1065 194 Conceptus
1117 110 1464 178 LXXXVIIL

256 213 304 244 <alc
316 210 472 264 turpiter
483 205 646 248 eversam
663 215 674 246 ?
704 205 808 247 certe
824 231 835 249 2
864 209 928 261 qui
941 219 1043 245 ama-

261 277 305 303 -ro
321 269 361 305 in
380 268 426 306 M
438 281 463 305 A
476 281 501 306 R
514 281 527 305 1
539 280 564 305 A
578 280 609 305 M
627 269 759 305 animo
772 294 781 310 ,
807 279 850 304 ac
863 260 1048 321 pertinaci*

264 322 468 364 inhaefione
494 353 504 369 ‚
536 322 714 364 similibus
734 323 896 377 dicterijs
921 324 1047 377 Virgi-

264 393 381 421 neum
395 382 470 422 hoc
485 380 696 436 Templum
708 380 906 422 invaderet
917 410 926 426 ‚
944 378 1049 419 haud

265 437 380 479 dubie
411 443 656 480 commeritas
694 439 783 480 dare
824 453 956 495 poenas
985 435 1049 478 suo

266 507 439 553 tempore
490 512 712 553 cogeretur:
747 495 998 554 praeterquam
1038 523 1050 540 ,

265 555 372 609 quod
411 555 432 595 a
463 556 660 596 montibus
684 554 857 599 excelsis,
888 567 1053 608 quorum

267 617 427 653 nomine
438 614 667 669 graviffimos
684 617 808 656 Patres
820 643 830 659 ‚
846 629 889 654 ac
901 614 1053 653 Docto-

267 686 324 711 res
345 671 521 728 intelligo
542 701 553 718 ‚
581 671 731 728 ingenti
755 671 1022 712 sententiarum
1038 697 1049 714 ,

269 745 312 770 ac
355 733 572 776 rationum,
602 746 674 787 pro
718 730 863 771 illibata
887 741 1054 782 concep-

282 883 1064 915 ÷÷÷5=÷522331÷÷23÷

283 916 437 927 ⁸·-n
476 907 1063 926 ·············

473 1082 621 1161 De)
677 1073 1052 1200 Concepta

547 1234 1144 1310 CONCEPTUS

476 1398 515 1454 ξ.
532 1407 566 1444 Ι.
603 1396 855 1464 Scriptura.

277 1488 379 1533 Vna
422 1488 596 1532 Ioanne
641 1489 825 1541 Manr,
861 1499 958 1531 non
980 1485 1067 1531 Ca-

411 1559 568 1606 Dens,
600 1558 703 1602 neC
739 1559 954 1617 §Vrgens.

278 1641 421 1685 Matth.
445 1658 476 1682 c.
494 1658 539 1681 11.
562 1657 656 1682 v.11.
701 1642 782 1681 Non
790 1641 956 1696 surrexit,
989 1640 1070 1679 inter

334 1715 428 1739 natos
447 1701 614 1740 mulierum
636 1729 646 1746 ,
704 1701 808 1754 major
829 1700 956 1748 Joanne
980 1701 1068 1754 Bap-

334 1758 414 1813 tista“.

422 1835 542 1888 'Agna
588 1830 684 1871 olim
726 1834 824 1871 inter
869 1826 1070 1885 discipulos

281 1837 431 1970 M
454 1888 601 1932 Christi
621 1903 753 1929 exorta
773 1889 827 1929 est
848 1902 1072 1929 controver-

460 1949 535 1995 sia,
568 1951 609 1987 in
640 1963 688 1988 eo
716 1946 922 1988 confistens
951 1963 958 1985 2
988 1948 1072 2003 Qu·

282 2024 389 2048 eorum
406 2006 572 2048 ‘videretur
583 2005 637 2063 effi·
648 2006 785 2061 major?
824 2019 865 2046 ut
884 2007 989 2045 enim
1014 2007 1069 2044 D.

284 2069 510 2109 Vincentius
535 2068 720 2105 Ferrerius
755 2063 965 2104 existimat:
996 2065 1070 2118 pri-

284 2140 433 2165 matum
465 2123 662 2164 ambiebat
690 2125 817 2163 Petrus
835 2148 847 2166 ,
878 2120 1010 2178 utpote
1022 2120 1069 2161 ab

285 2183 365 2240 ipso
379 2182 597 2227 Salvatore,
641 2195 755 2238 caput
779 2179 952 2221 Ecclesiae
975 2194 1069 2219 con-

287 2242 455 2287 stitutus,
483 2244 544 2281 cui
557 2241 725 2280 dictum:
758 2238 854 2279 Tues
865 2242 1069 2283 Petrus,&c.

286 2300 458 2342 Andreas
474 2301 663 2353 majorem
688 2297 723 2338 ie
737 2300 880 2338 caeteris
898 2311 1071 2338 autuma-

285 2359 351 2400 bat
365 2387 374 2404 ,
406 2357 513 2413 quod
538 2358 679 2413 primus
691 2355 833 2398 Christi
855 2354 944 2395 eflet
964 2354 1072 2395 disci-

284 2416 392 2475 pulus
408 2446 418 2463 ‚
449 2430 539 2458 ante
555 2418 709 2456 Petrum
738 2414 786 2454 acl
805 2412 1073 2469 Apostolatum

286 2489 468 2518 vocatus:
502 2475 605 2527 cujus
631 2471 748 2529 opera
767 2472 926 2512 demum
948 2470 1073 2527 &ipse

288 2535 418 2576 Petrus
444 2533 492 2574 ad
508 2531 703 2574 Christum
722 2530 844 2571 fuisset
876 2528 1068 2570 adductus.

289 2598 459 2645 Joannes
495 2590 720 2647 virginalem
746 2587 936 2644 allegabat
968 2587 1076 2628 casti-

289 2654 466 2692 moniam
483 2678 493 2695 ,
525 2665 569 2689 ac
608 2662 782 2689 amorem
802 2646 944 2688 Christi
972 2649 1011 2686 in
1040 2645 1075 2686 se

288 2707 631 2749 extraordinarium
649 2733 660 2750 ‚
689 2718 824 2762 utpote
857 2709 924 2760 qui
954 2703 988 2744 se
1019 2703 1075 2744 so-

291 2767 371 2807 lum
385 2795 394 2812 ‚
422 2771 461 2805 in
471 2765 605 2806 ultima
617 2764 753 2810 coena,
776 2767 816 2803 in
832 2763 910 2804 sinu
923 2778 1070 2803 recum-

290 2825 380 2866 bere
411 2823 454 2864 fit
473 2822 598 2879 passus.
660 2821 893 2879 Reponebat
910 2822 1072 2862 econtra

289 2885 433 2935 Joanni
448 2882 612 2934 Jacobus
633 2882 777 2936 major,
812 2882 866 2934 jus
878 2883 1071 2936 primoge-

287 2945 442 2985 niturae,
472 2940 665 2995 aetatisque
677 2942 989 2996 praerogativam:
1008 2954 1071 2978 ce-

288 3000 379 3041 dere
432 2998 594 3054 proinde
650 3001 844 3039 minorem
892 3011 1070 3053 oportere

285 3059 438 3110 majori.
496 3056 710 3102 Thadaeus‚
743 3059 878 3098 Simon
904 3085 914 3101 ‚
947 3061 986 3096 ὅ(
1007 3060 1070 3106 Ja-

287 3117 407 3158 cobus
439 3117 569 3156 minor
592 3141 604 3157 >
637 3115 933 3170 praecedentiam
968 3127 1074 3169 urge-

287 3173 401 3220 bant,
429 3172 477 3215 eo
491 3172 597 3229 quod
610 3186 769 3230 nepotes
798 3172 1001 3215 existerent
1026 3186 1074 3212 ex

265 898 1818 994 affiffiffiaafflffiffifflffitffiffiffiffiffl{2035a

1095 212 1202 250 tione
1232 212 1509 266 pugnantium,
1538 207 1709 264 pondere
1733 208 1883 263 penitus

1096 266 1324 308 obrueretur.

1229 365 1270 416 ἕ.
1289 372 1339 424 7.
1369 356 1725 428 Anagramma.

1168 438 1325 498 SCaLa
1347 481 1360 503 ,
1394 444 1449 492 ab
1477 449 1652 492 ADaMI
1688 447 1817 504 IVgo

1370 514 1616 562 absoLVta.

1102 599 1195 643 Scala
1205 617 1302 641 aurea
1315 602 1327 639 .'
1357 600 1473 638 'Rnon
1484 597 1599 653 premit
1605 598 1718 651 jugum
1731 592 1864 635 Adami.

1331 657 1462 700 Verfio
1481 655 1655 695 litteralisv

1103 720 1183 759 Ave
1194 717 1329 760 ‘Ivlarias
1336 713 1447 773 gratie?
1449 714 1558 771 plena,
1572 712 1728 751 Dominus
1741 725 1850 750 tecum.

1442 893 1884 908 ----------

1102 1066 1313 1151 Sacra
1358 1064 1687 1176 Deipara.

1227 1228 1529 1300 LXXX!
1540 1229 1624 1298 Χ.

1118 1361 1241 1420 prima
1266 1359 1391 1403 sorore
1407 1364 1574 1418 Virginis
1587 1355 1752 1401 MAMAE.
1800 1357 1902 1401 Mat-

1117 1422 1236 1463 thaeus
1249 1423 1435 1475 majorem
1447 1419 1479 1459 le
1501 1423 1640 1459 caeteris
1652 1419 1820 1465 rebatur,
1851 1415 1903 1460 ob

1115 1496 1248 1520 aurum
1261 1509 1272 1525 ,
1302 1486 1342 1521 ὃς
1361 1493 1561 1535 argentum
1576 1493 1645 1533 pro
1657 1477 1812 1519 Christo
1837 1475 1903 1518 ab-

1116 1539 1309 1584 dicatum3
1341 1540 1431 1577 cum
1456 1539 1625 1592 priorum
1654 1535 1798 1592 nullust,
1835 1537 1902 1577 nisi

1118 1597 1241 1637 lacera
1255 1599 1348 1636 retia
1359 1625 1371 1642 ‚
1402 1596 1591 1638 &hamos
1612 1594 1726 1634 exiles
1739 1594 1902 1648 reliquis—

1119 1653 1180 1695 set.
1244 1652 1438 1710 Philippus
1461 1654 1584 1706 major
1610 1651 1682 1692 effe
1717 1652 1870 1694 volebat
1890 1678 1901 1700 2

1117 1712 1166 1754 eo
1177 1711 1316 1767 quoda
1336 1712 1492 1753 Christo
1503 1710 1581 1767 ipso
1603 1711 1668 1751 diu
1689 1711 1902 1765 inquisitus,

1118 1771 1279 1812 tandem
1290 1774 1482 1815 inventus,
1514 1776 1555 1811 &
1567 1769 1615 1809 ad
1626 1768 1816 1823 sequelam
1827 1771 1905 1824 ejus

1120 1830 1162 1870 fit
1183 1833 1379 1870 invitatus:
1411 1828 1459 1868 ad
1473 1825 1650 1882 suamque
1670 1826 1906 1874 instantiam,

1119 1902 1234 1944 panes
1254 1887 1393 1927 fuerint
1414 1884 1666 1941 multiplicati.
1703 1885 1906 1927 Bartholo-

1120 1961 1236 1986 maeus
1255 1960 1374 2002 genus
1396 1943 1584 2000 allegabat
1606 1946 1771 1999 Regium
1785 1973 1794 1989 ‚
1825 1959 1905 1999 quo

1119 2003 1209 2045 effet
1233 2018 1354 2045 ortus:
1384 2001 1518 2043 decere
1554 2000 1671 2057 porro
1708 2001 1907 2057 piscatores

1119 2077 1203 2103 non
1219 2061 1340 2103 altum
1363 2061 1485 2117 sapere
1501 2090 1511 2105 ‚
1543 2060 1604 2100 secl
1629 2064 1720 2100 retia
1741 2059 1800 2100 sua
1823 2059 1906 2101 sub-

1119 2122 1231 2175 ijcere
1257 2123 1442 2176 Purpurae.
1501 2119 1678 2159 Thomas
1718 2117 1905 2174 gloriaba-

1120 2193 1178 2220 tur
1194 2209 1204 2225 ,
1232 2177 1265 2219 se
1278 2181 1388 2234 Legis
1401 2181 1563 2233 peritum
1575 2207 1583 2221 ‚
1617 2183 1655 2218 &
1668 2179 1904 2218 Doctoreme

1119 2238 1254 2278 decere
1280 2237 1464 2293 proinde,
1495 2249 1533 2275 ut
1553 2235 1702 2275 rudibus
1716 2232 1907 2290 piscatori-

1120 2296 1189 2336 bus
1210 2299 1366 2352 praeiret.
1428 2294 1507 2350 lpse
1542 2294 1706 2348 denique
1731 2292 1908 2349 proditor

1122 2354 1236 2406 Judas
1260 2353 1408 2394 loculos
1431 2350 1667 2393 monstrabat
1712 2351 1907 2407 turgidos,

1124 2428 1170 2453 ex
1205 2412 1339 2467 quibus
1383 2410 1517 2465 reliqui
1541 2425 1676 2451 omnes
1703 2408 1907 2450 alerentur.

1123 2470 1222 2511 adeo
1247 2469 1498 2524 nimirumilli
1520 2468 1812 2513 contenderant,
1826 2471 1910 2523 quis

1122 2543 1256 2569 eorum
1282 2527 1354 2569 effe
1379 2528 1706 2583 majorvideretur?
1735 2525 1910 2567 Similem

1125 2590 1273 2643 prorsus
1288 2587 1539 2642 quaestionem
1561 2592 1601 2628 ἃ
1630 2599 1704 2641 ego
1717 2614 1726 2630 ,
1759 2587 1799 2624 in
1815 2599 1909 2640 prae-

1124 2645 1243 2691 lenti,
1275 2661 1418 2687 moveo
1442 2675 1453 2692 ,
1483 2648 1565 2699 quis
1587 2646 1769 2683 nimirum
1785 2672 1794 2688 ‚
1826 2657 1909 2683 non

1125 2708 1226 2746 inter
1237 2703 1441 2760 Apostolos
1470 2702 1697 2746 duodecim,
1728 2699 1789 2741 sed
1811 2703 1910 2741 inter

1125 2778 1261 2803 omnes
1282 2761 1448 2802 omnino
1465 2775 1575 2801 natos
1589 2759 1791 2800 mulierum
1809 2761 1911 2813 major

1120 2819 1346 2861 habendus?
1378 2819 1548 2862 Resolvit
1577 2817 1733 2872 quidem
1761 2817 1910 2870 quazsti—

1120 2895 1240 2920 onem
1266 2878 1368 2919 hanc
1386 2929 1388 2931 Ι
1406 2878 1523 2933 iplum
1555 2878 1708 2916 Divina:
1743 2877 1908 2915 veritatis

1120 2937 1339 2982 oraculum,
1369 2935 1555 2976 dicendo:
1586 2936 1666 2972 Non
1679 2933 1906 2981 ficrrexicinter

1120 3011 1210 3035 natos
1221 2995 1385 3048 mulierum
1407 2995 1507 3047 major
1518 2995 1645 3040 Joanne
1658 2989 1807 3046 Baptistca
1832 2988 1905 3032 Sed

1120 3053 1235 3108 quid?
1277 3051 1430 3108 Ergone
1446 3056 1584 3102 Joanes
1604 3051 1726 3102 major
1745 3048 1905 3104 eritipso

1123 3115 1240 3152 etiam
1251 3109 1430 3151 Christo?
1459 3107 1634 3163 nunquid
1656 3111 1760 3147 enim
1779 3113 1818 3148 ὅ(
1840 3107 1903 3146 hic

1122 3169 1144 3210 ὲ
1167 3167 1325 3225 muliere
1351 3167 1544 3209 natusest?
1576 3165 1679 3206 Abiit
1697 3163 1815 3205 illud:
1846 3167 1905 3203 in-

1180 3229 1259 3283 Q
1290 3244 1306 3265 2
1782 3220 1879 3262 telli»

1902 465 2022 521 616.

1828 929 1867 944 ⁴.·
1894 934 1905 942 ο

1918 1363 1943 1390 S.
1953 1359 2036 1393 vinc}

1916 1404 2016 1433 Ferret.

1916 1446 2002 1473 Setm.
2013 1455 2038 1474 ν..

1915 1486 1966 1515 fer.
1976 1494 2001 1522 3.
2009 1485 2070 1524 pon

1919 1529 2006 1556 Dom.

1968 1568 2012 1596 ad,

1918 1569 1978 1607 Q
