2164 3413
16 281 129 341 339·

671 53 1035 163 'emaum
1089 75 1280 138 xmx.

411 204 450 257 ἒ.
476 206 514 266 3.
552 197 734 260 Ratio.

251 288 490 337 DoLosVs
514 284 688 336 Merlto
716 288 777 337 est
804 293 906 339 sIne

482 360 676 406 LVCro.

190 446 383 548 Nullus
402 445 492 486 debet
517 461 559 486 ex
575 445 645 486 dolo
655 447 714 503 sico
733 473 746 490 ‚
779 447 827 487 cui
848 445 976 486 debetur

338 519 405 543 aena
422 530 433 547 ‚
463 504 584 544 lucrum
609 517 777 562 reportare.
813 507 856 546 L.
877 521 915 543 ne
936 519 977 543 cx

189 561 260 602 dolo
318 593 328 602 .
350 561 514 602 dedolo.
585 564 658 604 Sed
678 563 742 604 ille
801 566 978 617 antiquus

188 619 349 676 serpens,
371 620 666 662 mendaciorum
684 635 791 677 pater
809 647 822 665 ³
850 627 891 663 &
923 635 979 660 ar-

191 678 307 724 tifex,
349 693 416 734 per
460 679 626 724 dolum,
679 678 825 719 seduxit
860 693 978 736 genus

191 735 415 777 humanum.
492 739 595 793 Ergo
626 737 765 778 exinde
798 752 882 778 non
912 737 978 777 de-

192 793 258 835 bet
278 809 470 850 reportare
495 795 652 836 lucrum.
711 798 828 851 Atqui
851 810 980 851 repor-

189 851 297 897 tasset
327 852 476 893 lucrum
506 869 589 894 non
610 853 829 899 modicum,
860 854 886 895 si
912 857 982 894 eti-

191 926 256 951 am
302 911 513 951 Beatissima
571 916 693 970 Virgo
738 909 983 953 contraxisset

190 983 394 1025 peccatum
444 970 640 1025 originale.
709 970 811 1027 Ergo
828 1000 838 1016 ,
891 970 984 1011 sicut

191 1029 472 1068 inconveniens
493 1027 547 1068 est
562 1057 572 1073 ,
602 1044 692 1069 eum
717 1041 909 1085 reportare
928 1028 984 1069 lu-

193 1101 329 1131 crum,
361 1089 414 1126 ita
447 1088 566 1126 etiam
604 1090 882 1128 inconveniens
904 1086 983 1131 est,

193 1143 447 1185 Beatisfimam
496 1147 699 1200 Virginem
757 1142 984 1184 contraxisse

194 1216 400 1258 peccatum
433 1201 630 1258 originale.
714 1200 985 1258 Subsumptum

194 1261 309 1301 Prob.
369 1259 721 1317 Omnessuperare,
751 1262 849 1303 &in
864 1263 985 1316 capti-

193 1322 353 1361 vitatem
366 1319 556 1375 redigere,
586 1322 640 1359 ita
655 1349 665 1365 ‚
698 1333 740 1360 ut
760 1318 809 1359 ne
828 1320 987 1374 quidem

193 1393 290 1418 unus
320 1376 488 1433 supersit,
520 1376 632 1431 aquo
654 1377 814 1434 superari
847 1377 956 1434 possit
975 1403 987 1420 ‚

195 1435 345 1476 lucrum
367 1451 449 1476 non
469 1438 649 1491 exiguum
667 1436 741 1475 est:
774 1435 848 1477 Sed
874 1436 899 1477 fi
920 1439 989 1476 Be-

195 1507 259 1535 ata
284 1497 405 1551 Virgo
423 1491 667 1535 contraxisset
688 1507 891 1549 peccatum
913 1498 989 1535 ori-

194 1551 348 1610 ginale,
380 1567 426 1593 ac
456 1551 732 1606 consequenter
760 1556 880 1593 etiam
912 1552 989 1609 ipsa

194 1626 263 1668 per
286 1610 423 1651 dolum
482 1608 505 1650 a
543 1609 703 1650 diabolo
732 1609 853 1652 fuisset
881 1610 987 1653 sedu-

195 1673 256 1713 &a
284 1698 295 1716 ,
327 1668 451 1711 nullus
470 1667 638 1709 omnino
664 1668 883 1726 superesset,
920 1673 987 1726 qui

195 1729 410 1784 serpentem
463 1727 568 1769 hunc
619 1725 806 1784 superaret
836 1747 847 1775 ς
895 1732 985 1771 cum

193 1802 334 1827 omnes
354 1784 472 1826 ess'ent
491 1787 568 1839 ejus
597 1789 737 1842 captivi
756 1811 769 1830 ‚
803 1792 844 1830 &
861 1785 910 1828 ab
937 1803 985 1829 eo

196 1845 384 1901 superati3
440 1846 580 1884 Homo
615 1847 722 1885 enim
752 1860 819 1901 per
851 1861 986 1902 pecca-

196 1919 280 1946 tum
309 1903 351 1943 fit
372 1902 492 1944 servus
507 1931 517 1948 ‚
549 1908 589 1944 ὃς
614 1906 783 1959 captivus
808 1904 953 1945 diaboli
976 1921 985 1946 :

195 1960 298 2018 Ergo
332 1991 342 2007 ,
373 1961 397 2001 si
432 1964 546 2002 Beata
572 1965 693 2018 Virgo
740 1961 986 2004 contraxisset

194 2033 398 2079 peccatum
453 2019 660 2075 originale,
706 2018 854 2077 serpens
901 2036 985 2062 non

196 2079 400 2121 modicum
439 2076 658 2134 reportasset
700 2078 847 2119 lucrum
869 2105 880 2122 2
911 2095 985 2120 nec

196 2139 451 2181 verificaretur
467 2136 628 2192 amplius
659 2135 806 2178 clarum
831 2137 926 2179 illud
950 2142 983 2180 S.

197 2201 396 2254 Scriptura:
419 2194 643 2250 promissum
669 2195 716 2237 de
729 2195 844 2236 Beatd
863 2201 990 2254 Virgi-

199 2271 249 2296 ne
268 2285 277 2301 ‚
309 2256 408 2295 Gen.
422 2268 454 2305 3.
513 2253 584 2310 Jpstz
609 2267 743 2294 conteret
762 2266 855 2312 caput
877 2270 988 2303 tuum,

197 2323 262 2359 &a

406 2375 446 2427 ἕ.
466 2379 519 2434 4.
552 2367 779 2438 fflstoria.

27 2467 154 2528 340.
198 2479 324 2511 Anna
342 2498 355 2519 ,
393 2459 850 2517 a'SAEarthoLoMaeQ
870 2466 986 2511 Dla-

286 2534 495 2581 boLlCls
531 2530 886 2579 tentatlonles

380 2602 563 2648 fortiter
584 2602 807 2648 reslstens.

296 2689 412 2734 Nna,
443 2688 465 2728 ὲ
502 2692 533 2729 S.
559 2687 870 2734 Bartholomaeo,
911 2687 997 2730 illu.

318 2745 390 2787 stre
420 2745 692 2787 Carmelitanae
719 2746 887 2787 Familia:
920 2749 996 2789 Lu-

1679 80 1775 147 165

1021 192 1114 218 men
1132 207 1141 222 ,
1172 181 1262 216 cum
1292 172 1491 216 individua
1516 174 1660 215 Sanane
1681 173 1818 212 Matris

1023 235 1212 276 Tlierefiae
1233 261 1244 278 ,
1284 249 1350 289 per
1395 231 1597 288 complura
1637 233 1775 270 itinera
1803 255 1816 276 ,

1024 308 1158 334 comes
1201 291 1323 333 fuisset
1345 317 1356 335 ,
1403 306 1447 331 ac
1477 290 1607 346 saepius
1632 286 1819 330 observas-'-

1025 351 1077 392 set
1089 381 1098 397 ,
1128 352 1327 407 pijffimam
1343 349 1443 389 hanc
1454 351 1657 404 Virginem
1669 347 1819 387 summo

1025 424 1115 466 erga
1157 413 1371 465 Deiparam
1410 422 1542 447 amore
1579 403 1779 446 accensam
1806 432 1819 449 ‚

1026 467 1208 524 exemplo
1246 465 1440 522 Magistrte
1459 495 1469 511 ,
1500 464 1642 505 eodem
1681 466 1821 519 pariter

1028 526 1185 566 amandi
1206 528 1386 565 MARIAM
1407 523 1550 568 studio,
1581 521 1694 563 omni
1723 535 1822 562 tem-

1028 599 1121 640 pore
1141 614 1151 629 ‚
1183 584 1252 623 fuit
1263 582 1408 622 affidua.
1469 583 1718 622 Tenerrimus
1734 594 1823 636 por-

1028 641 1072 682 ro
1102 643 1167 682 hic
1198 656 1309 681 amor
1331 639 1499 680 reddidit
1521 638 1650 685 illam,
1680 642 1721 679 in
1750 636 1823 678 sol·

1028 699 1214 740 licitanda
1248 701 1289 739 D
1307 700 1363 738 EI
1393 700 1601 740 Genitricis
1630 712 1727 753 ope,
1759 711 1825 752 pe,

1029 760 1131 799 nitus
1143 756 1421 797 confidentem.
1481 755 1713 810 Eapropter,
1735 757 1827 794 cum

1030 814 1181 857 diversis
1210 817 1473 854 tentationum
1493 812 1710 859 insultibus,
1751 813 1829 866 ejus

1032 873 1303 915 castimoniam
1336 870 1564 911 labefactare
1594 900 1605 916 ,
1651 870 1830 926 spurciffi-

1032 947 1117 973 mus
1142 929 1387 972 tenebrarum
1418 931 1598 985 Princeps
1618 931 1802 968 niteretur
1818 957 1829 973 ,

1031 994 1192 1032 unicum
1230 991 1354 1029 Annae
1391 986 1605 1027 remedium
1626 1001 1734 1031 erat,
1767 989 1833 1027 Sa-

1033 1047 1178 1088 cellum
1205 1075 1215 1091 ,
1254 1048 1407 1101 Virgini
1431 1044 1507 1083 fine
1538 1043 1689 1084 macula
1734 1059 1830 1084 con<

1033 1119 1156 1161 ceptae
1199 1107 1357 1145 Sacrum
1397 1101 1580 1158 ingredi:
1619 1102 1685 1142 ubi
1725 1102 1832 1144 flexis

1034 1163 1225 1220 genibus,
1271 1176 1314 1201 ac
1356 1161 1517 1217 nudipes
1543 1189 1555 1206 ,
1597 1159 1832 1218 flagrantis&

1034 1225 1107 1262 mis
1140 1218 1313 1277 precibus
1341 1248 1351 1265 ‚
1396 1217 1654 1259 immaculatae
1713 1219 1834 1276 depo-

1036 1278 1161 1320 scebat
1185 1277 1367 1318 auxilium
1394 1306 1403 1322 ‚
1435 1279 1622 1331 quatenus
1653 1290 1734 1317 tam
1772 1293 1836 1318 va-

1037 1337 1132 1379 lidas
1148 1366 1159 1384 ,
1190 1351 1235 1377 ac
1261 1335 1492 1392 multiplices
1528 1334 1723 1376 infernalis
1761 1336 1833 1377 ho-

1037 1395 1100 1437 stis
1112 1394 1419 1436 machinationes
1431 1423 1442 1439 ,
1468 1393 1714 1435 immaculata
1726 1409 1837 1435 men·

1038 1468 1101 1498 te,
1142 1469 1187 1495 ac
1209 1467 1371 1509 corpore
1388 1479 1399 1495 ‚
1432 1451 1556 1492 secura
1582 1452 1742 1494 evadere
1772 1468 1837 1495 va-

1038 1513 1141 1554 leret.
1202 1514 1291 1553 Nec
1329 1514 1453 1552 inanis
1486 1510 1555 1551 fuit
1587 1511 1832 1567 deprecatio,

1037 1572 1226 1629 purissima
1272 1573 1380 1611 enim
1412 1569 1616 1611 Coelorum
1647 1572 1800 1626 Regina
1819 1599 1831 1617 ,

1037 1646 1120 1672 non
1167 1633 1209 1670 in
1247 1630 1305 1670 his
1344 1631 1496 1670 tantum
1537 1626 1779 1673 conflictibus
1816 1658 1829 1675 ,

1035 1688 1293 1746 potentiffima
1323 1687 1446 1728 adfuit
1477 1686 1690 1727 auxiliatrix
1719 1715 1729 1733 ‚
1763 1703 1828 1729 ve-

1034 1751 1122 1789 rum
1152 1747 1300 1804 insuper
1322 1749 1361 1786 in
1387 1749 1587 1802 praemium
1608 1759 1668 1786 tot
1694 1749 1826 1788 Victo-

1034 1811 1176 1848 riarum
1193 1836 1203 1852 ,
1234 1821 1326 1860 quas
1355 1818 1437 1844 tam
1456 1804 1504 1843 de
1532 1802 1648 1859 scipsa
1667 1833 1678 1850 ‚
1709 1805 1827 1859 quam

1035 1865 1083 1905 de
1098 1868 1205 1907 Orco
1220 1890 1230 1907 ,
1262 1863 1480 1917 frequenter
1501 1865 1614 1903 Anna
1636 1863 1826 1908 retulerat,

1035 1923 1163 1979 saepiiis
1198 1921 1304 1962 illam
1351 1921 1475 1961 invisit
1503 1950 1513 1965 ,
1558 1920 1682 1962 modo
1727 1922 1825 1963 Filio

1033 1982 1159 2036 juncta
1193 1982 1365 2023 Divino,
1398 1978 1520 2019 modo
1539 1977 1608 2019 ὲὸ.
1630 1979 1826 2036 Josepho,

1034 2039 1238 2096 Angelisve
1279 2036 1538 2093 compluribus
1580 2042 1766 2079 comitata
1805 2069 1816 2085 ,

1034 2099 1083 2140 ad
1117 2098 1235 2138 finem
1264 2095 1469 2153 praesertim
1495 2098 1581 2136 vitae
1604 2095 1728 2143 illius,
1762 2097 1828 2139 ubi

1037 2156 1263 2199 suaviffimos
1308 2157 1407 2195 inter
1454 2152 1695 2210 Angelorum
1732 2171 1828 2196 con-

1038 2229 1170 2257 centus
1189 2244 1201 2260 ,
1232 2213 1279 2254 ad
1293 2227 1435 2253 aeterna
1454 2227 1539 2253 eam
1552 2212 1709 2268 gaudia,
1741 2229 1831 2255 om-

1037 2273 1149 2318 nibus
1176 2270 1430 2313 immaculata:
1442 2273 1724 2326 Conceptionis
1747 2273 1827 2313 cul-

1039 2332 1183 2374 toribus
1218 2343 1447 2388 praeparata,
1497 2328 1671 2370 materne
1692 2333 1829 2372 invita.

1037 2395 1105 2434 vit.
1163 2393 1224 2430 Ex
1246 2392 1313 2444 ejm
1340 2387 1434 2431 vica,
1468 2394 1506 2430 (9·
1523 2388 1628 2427 Paulo
1645 2387 1684 2427 tle
1703 2391 1825 2445 Bam).

1176 2451 1210 2488 in
1234 2450 1333 2486 Anno
1358 2447 1511 2486 Marian.
1529 2444 1576 2485 ad
1583 2445 1667 2486 diem

1323 2514 1405 2552 sm
1417 2506 1522 2559 Junij.

1408 2630 1463 2649 *²1-

1426 2664 1445 2687 ᾇ

1119 3154 1172 3216 Χ
1196 3175 1224 3232 3
1678 3175 1716 3225 §-
1736 3176 1787 3230 5·
