2164 3413
375 110 404 151 2
409 109 485 164 50
723 84 818 147 De
841 80 1128 163 Concepta
1149 82 1303 142 Sacra
1325 77 1565 160 Deipara

330 187 490 232 mundi,
522 182 706 241 acplacitazs
727 183 827 220 DEO
844 181 964 221 animas
979 179 1124 221 nostras
1175 175 1374 231 originali,
1417 174 1538 216 fuisset
1557 174 1767 231 aliquando
1778 173 1842 216 sub
1860 173 1965 219 odio,

332 247 514 286 inducere
539 247 579 283 in
605 241 741 299 gaudia
752 239 989 296 sempiterna.
1176 240 1217 276 &
1258 235 1526 289 indignatione
1556 233 1712 275 Divina.
1756 236 1858 290 Ergo
1883 247 1968 273 non

1176 292 1299 349 posset
1321 292 1487 347 amplius
1506 293 1646 333 habere
1669 292 1855 333 summam
1881 306 1964 346 gra-

1177 357 1292 398 tiam,
1321 351 1520 405 quiaillud
1540 351 1682 392 instans
1695 350 1839 407 semper
1855 362 1964 389 aeter-

1179 413 1292 450 nitati
1317 411 1473 450 Divinae
1499 409 1655 465 praeiens
1668 408 1780 452 estet,
1811 423 1855 448 ac
1871 422 1965 448 con-

1179 468 1378 522 sequenter
1410 483 1482 507 nec
1520 468 1639 524 posset
1671 470 1885 524 pertingere
1915 464 1963 505 ad

1171 526 1358 568 summam
1373 524 1709 568 beatificationem.

1377 647 1418 700 ξ.
1443 655 1496 709 4.
1531 642 1764 713 Historia.

1170 759 1408 807 ForMVLa
1441 758 1699 809 InItIaLIs‚
1736 751 1760 804 ἐ
1792 753 1959 806 Cathe-
1982 778 2105 841 508‘

1380 829 1494 874 DrIs
1522 825 1743 890 HIspanIs.

519 365 559 418 ς.
576 371 624 411 2.
650 352 956 408 Authoritas.

378 464 834 528 S.N1Cephoer
853 496 867 520 ,
906 465 1080 526 eraM

637 537 847 583 DICens.

331 623 521 665 Inhabitans
548 622 632 661 enim
663 622 697 661 in
720 635 808 660 utero
831 619 1041 676 Sanflzffimae,
1070 617 1123 657 in-

417 681 637 721 contaminatae
658 681 756 719 DEI
774 679 943 718 Genitriczis
952 677 1123 734 Wrgimss,

417 749 455 783 (φ
467 740 501 778 in
520 738 632 778 animi}
642 769 651 783 ,
680 739 765 781 &in
780 749 903 794 corpore
917 734 1122 795 praemunda-

414 813 453 838 eae
462 798 588 854 Spiritu.
618 796 729 853 Epist.
745 795 793 836 ad
803 798 926 838 Leon.
941 796 1007 836 ΠΙ.
1020 793 1122 852 apud

412 859 552 898 Baron.
576 858 693 897 Tom.
708 870 740 908 9.
756 853 895 896 Annal.

164 520 294 586 506·

158 1136 282 1192 507.

557 977 596 1030 ς.
622 977 661 1038 3.
699 970 882 1032 Ratio.

325 1080 471 1126 Gratia
495 1076 809 1141 gi·atIfICans‚
845 1075 1021 1135 praeVIa
1044 1075 1117 1120 aD

503 1146 942 1194 BeatlfICatIoneM.

366 1234 467 1271 Uxta
480 1227 708 1284 Theologos
723 1246 730 1268 :
748 1230 881 1269 Omne
891 1226 1113 1267 beatifican-

385 1288 479 1329 dum
490 1303 556 1344 per
567 1291 747 1328 meritum
761 1286 902 1328 Christi
917 1315 928 1332 ,
958 1300 1004 1326 ex
1020 1300 1110 1342 prae-

313 1346 575 1387 destinatione
604 1345 750 1387 Divina
770 1374 780 1390 ,
811 1344 866 1385 est
896 1344 1111 1401 gratifican-

317 1406 414 1446 dum
426 1405 546 1463 gratia
558 1418 709 1462 gratum
721 1404 885 1444 faciente
895 1433 905 1449 ,
931 1418 997 1459 per
1007 1403 1111 1443 idem

317 1471 511 1505 meritum.
571 1466 687 1517 Atqui
736 1462 945 1502 Beatiffima
990 1465 1110 1517 Virgo

318 1522 391 1563 fuit
416 1520 561 1562 summe
587 1520 842 1561 beatificanda
861 1549 871 1566 ,
904 1536 951 1560 ex
979 1519 1110 1560 ineffa-

318 1580 389 1621 bili
411 1579 740 1637 praedestinatione
760 1577 926 1625 Divina,
954 1592 1020 1634 per
1030 1593 1111 1618 me-

318 1643 436 1680 ritum
458 1638 600 1681 Christi
626 1667 637 1684 ,
664 1651 799 1693 utpote
830 1652 914 1692 quae
940 1636 1110 1692 postmo-

318 1698 413 1738 dnm
423 1701 506 1738 atstu
517 1697 587 1737 fuit
599 1696 748 1736 exaltata
760 1698 858 1752 fiaper
873 1695 984 1735 choros
995 1698 1110 1751 Ange-

313 1757 416 1797 lorum
431 1782 443 1799 ,
468 1754 654 1809 adCoelfiia
673 1770 779 1810 regna.
839 1755 940 1810 Ergo
966 1754 1015 1793 ad
1027 1768 1111 1793 tan-

316 1829 398 1856 tam
409 1814 734 1854 beatificationem
751 1812 888 1868 praevie
910 1812 980 1852 fuit
993 1815 1106 1868 grati-

315 1873 490 1919 ficanda,
522 1887 587 1927 per
610 1874 770 1928 gratiam
790 1884 940 1927 gratum
962 1869 1104 1910 facien—

313 1945 405 1973 tem.
438 1930 635 1973 Subiumo.
696 1933 811 1984 Atqui
836 1928 1031 1986 implicat,
1063 1943 1105 1970 ut

313 1994 397 2046 quis
417 1988 535 2046 digne
573 1988 805 2046 gratificetur
833 1989 881 2028 ad
913 1987 1103 2028 summam

312 2048 639 2090 beatificationem
662 2076 672 2092 ‚
703 2047 771 2086 nisi
811 2050 928 2087 etiam
961 2045 1103 2087 habeat

311 2107 500 2148 summam
511 2109 683 2163 gratiam,
704 2109 792 2158 quia
812 2109 936 2161 gratia
951 2105 1005 2145 est
1026 2105 1104 2160 ipsa

308 2170 412 2207 ratio
423 2164 591 2206 formalis
606 2163 836 2220 gratificam.
897 2165 998 2217 Ergo
1011 2166 1103 2205 Bea-

313 2225 599 2280 tissimaVirgo‚
629 2222 677 2262 ad
702 2221 890 2262 summam
923 2221 1105 2262 obtinen-

313 2284 405 2324 dam
432 2282 782 2326 beatificationem,
814 2278 946 2320 debuit
969 2279 1105 2334 praevie

307 2341 452 2383 habere
463 2341 651 2381 iummam
661 2342 831 2396 gratiam.
861 2337 935 2380 Sed
947 2338 971 2378 si
992 2341 1105 2379 Beata

312 2404 435 2457 Virgo
475 2398 588 2439 semel
619 2396 862 2439 contraxisset
900 2411 1102 2454 peccatum

307 2457 500 2515 originale
517 2487 527 2504 ,
558 2473 605 2498 eo
619 2456 696 2513 ipio
712 2471 795 2496 non
810 2454 993 2496 habuisset
1006 2455 1103 2497 sum·

313 2533 420 2558 mam
431 2523 603 2573 gratiam.
663 2517 764 2571 Ergo
776 2517 864 2554 cum
883 2514 993 2554 fuerit
1004 2513 1103 2555 sum-

312 2575 377 2616 me
398 2573 674 2619 beatificanda,
707 2588 771 2629 per
791 2576 972 2612 meritum
989 2573 1102 2614 Chri-

310 2634 356 2675 sti
372 2663 382 2680 ‚
414 2648 496 2673 non
516 2637 641 2688 potuit
669 2630 878 2685 aliquando
899 2631 1104 2671 contraxis-

310 2692 345 2733 se
367 2705 567 2748 peccatum
606 2689 801 2749 originale.
834 2689 982 2730 Ultima
1003 2692 1102 2730 Min.

313 2750 525 2805 subsumpta
536 2748 642 2805 prob.

312 2808 445 2849 buiilet
480 2808 669 2848 summam
706 2810 888 2863 gratiam,
918 2809 1006 2860 quia
1035 2807 1101 2853 id,

311 2867 417 2921 quod
437 2865 550 2906 semel
562 2865 632 2907 fuit
649 2863 713 2906 sub
726 2865 840 2910 odio,
872 2864 1100 2920 &indigna-

311 2929 416 2966 tione
449 2923 616 2970 Divina,
653 2927 786 2978 nequit
825 2922 986 2979 amplius
1028 2922 1100 2963 esle

311 2982 455 3023 summe
467 2996 637 3037 gratum,
668 2982 716 3023 eo
744 2981 855 3037 quod
888 2982 1033 3037 semper
1054 2981 1098 3021 il-

311 3040 377 3081 lud
414 3041 553 3080 instans
592 3041 669 3094 odij
690 3069 700 3087 ,
733 3056 777 3081 ac
820 3039 1098 3096 indignationis

312 3097 468 3155 praesens
487 3098 528 3138 sit
542 3102 746 3139 aeternitati
769 3101 938 3139 Divinae.
981 3100 1098 3152 Atqui

313 3160 353 3198 B.
370 3159 490 3212 Virgo
509 3185 520 3201 ‚
547 3159 746 3197 contracto
783 3156 898 3197 semel
934 3171 1098 3212 peccato

703 2747 797 2788 Ideo
809 2751 915 2788 enim
935 2762 1016 2788 non
1038 2748 1105 2788 ha-

1172 932 1308 1034 EA
1318 929 1371 971 est
1390 929 1568 987 Hispanis
1582 929 1703 974 Verbi
1719 932 1855 973 Divini
1868 945 1961 987 prae-

1303 989 1465 1030 conibus
1480 1018 1491 1036 ,
1522 1005 1567 1030 ac
1590 989 1860 1031 facundiffimis
1897 993 1958 1030 Sa-

1168 1063 1326 1105 crorum-
1351 1047 1591 1105 suggestuum
1614 1047 1840 1090 Oratoribus
1863 1062 1960 1088 con-

1166 1105 1346 1152 suetudo,
1376 1106 1529 1148 summis
1543 1122 1608 1163 per
1629 1106 1766 1148 orbem
1786 1105 1959 1147 laudibus

1165 1165 1414 1211 celebranda,
1446 1164 1552 1220 quod
1577 1164 1794 1223 priusquam
1817 1165 1865 1205 ad
1889 1180 1959 1221 Ρο-

1162 1223 1297 1280 pulum
1322 1224 1438 1265 verba
1458 1224 1582 1265 facere
1604 1223 1839 1265 Ecclefiastes
1861 1227 1958 1264 inci-

1162 1286 1264 1338 piat,
1292 1283 1393 1323 hanc
1435 1283 1618 1325 devotam
1642 1285 1842 1325 Concioni
1885 1281 1956 1322 iuae

1162 1344 1369 1397 praemittat
1392 1341 1619 1382 formulam:
1652 1341 1821 1381 Laudetur
1838 1341 1956 1380 imma-

1160 1400 1271 1439 culata
1292 1401 1450 1456 Conceptio
1472 1402 1661 1456 Beatiffimae
1671 1402 1710 1440 V
1709 1400 1842 1456 irginv‘s!
1873 1401 1955 1441 Oc-

1160 1459 1310 1499 casione
1326 1457 1442 1514 porro
1458 1458 1567 1499 dieb:
1586 1458 1760 1499 formulae
1776 1456 1947 1503 initialis,

1160 1516 1414 1557 memorabile
1430 1517 1492 1558 die
1504 1517 1672 1572 quadam
1684 1519 1850 1572 contigit
1865 1531 1954 1572 pro-

1161 1575 1331 1631 digium,
1368 1590 1462 1615 mox
1482 1575 1649 1631 pluribus
1671 1576 1952 1616 enarrandum:

1165 1637 1236 1676 Vir
1257 1636 1404 1673 etenim
1427 1662 1439 1679 ,
1482 1649 1566 1674 non
1588 1633 1765 1690 singulari
1798 1636 1953 1674 tantum

1159 1691 1335 1732 doarina
1344 1718 1354 1735 ‚
1370 1691 1432 1732 sed
1447 1697 1487 1733 &
1499 1691 1778 1748 religiosissimae
1790 1706 1952 1732 conver-

1158 1748 1311 1791 sationis
1329 1749 1454 1790 studio
1472 1750 1762 1797 celeberrimus,
1792 1752 1882 1790 cum
1896 1750 1954 1790 su-

1158 1809 1337 1864 pradictae
1368 1812 1439 1864 piae
1460 1807 1746 1849 consuetudinis
1769 1807 1843 1863 ipse
1861 1805 1952 1850 esset

1155 1868 1408 1907 tenaciffimus
1427 1893 1439 1911 ‚
1469 1882 1542 1908 nec
1572 1865 1745 1922 unquam
1776 1868 1951 1908 Concio-

1153 1940 1246 1966 nem
1267 1924 1491 1972 inchoaret,
1525 1925 1592 1966 nisi
1613 1924 1798 1982 praemissa
1811 1924 1950 1967 eadem

1152 1983 1319 2025 formula
1338 2005 1345 2024 ι
1381 1983 1570 2025 intellexit
1608 1983 1708 2025 forte
1734 2014 1746 2030 ‚
1783 1983 1950 2025 alterum

1151 2043 1347 2097 quendam
1367 2045 1724 2088 Concionatorem,
1755 2057 1838 2083 non
1862 2056 1950 2084 tan·

1152 2104 1238 2142 tum
1253 2101 1462 2142 formulam
1476 2101 1577 2141 hanc
1601 2101 1856 2158 vilipendere,
1884 2099 1949 2142 sed

1153 2166 1193 2202 &
1205 2159 1334 2216 saepius
1348 2174 1484 2201 contra
1508 2159 1800 2201 immaculatam
1818 2163 1947 2217 Virgi-

1155 2221 1213 2258 nis
1224 2220 1543 2274 Conceptionem
1561 2217 1768 2259 insolenter
1788 2217 1809 2258 ὲ
1821 2218 1946 2275 pulpi-

1156 2290 1197 2316 to
1214 2277 1409 2317 detonare.
1469 2277 1578 2332 Qd
1598 2277 1663 2318 hic
1686 2290 1815 2334 ageret
1840 2277 1944 2317 zelo-—

1153 2334 1302 2376 fiffimus
1324 2337 1480 2376 MAMAE
1501 2336 1622 2376 cliens
1641 2347 1652 2376 .>
1683 2335 1833 2376 accedit
1849 2334 1944 2391 ipse-

1153 2407 1233 2434 met
1260 2396 1528 2440 Concionem,
1559 2400 1599 2437 &
1638 2409 1722 2449 quae
1759 2393 1944 2434 hactenns

1152 2451 1199 2492 ab
1212 2452 1291 2507 alijs
1312 2453 1506 2494 intellecta
1530 2452 1821 2509 displicuerant,
1854 2467 1942 2508 pro-

1154 2512 1329 2566 prijsjam
1342 2511 1491 2552 auribus
1506 2514 1668 2568 percipit
1690 2527 1698 2550 ε
1723 2523 1857 2550 tamen
1879 2513 1940 2551 in-

1152 2571 1289 2623 juriam
1306 2573 1498 2626 Virgineae
1510 2570 1772 2624 Conceptioni
1794 2567 1943 2610 illatam

1154 2642 1225 2684 pro
1250 2643 1354 2669 nunc
1380 2627 1684 2669 diffimulandam
1721 2640 1841 2673 ratus,
1872 2628 1945 2669 do.

1154 2701 1263 2727 mum
1275 2700 1480 2729 revertitur.
1517 2689 1675 2731 verum,
1698 2686 1788 2725 cum
1799 2688 1938 2727 iterum

1154 2744 1234 2785 dies
1271 2743 1468 2791 illuxisset,
1504 2758 1582 2798 quo
1619 2742 1781 2785 alterurn
1825 2743 1937 2785 illum

1152 2806 1379 2844 concionari
1421 2801 1649 2858 oportebat,
1691 2801 1838 2842 mature
1887 2802 1937 2844 ad

1151 2861 1317 2902 eandem
1342 2860 1548 2901 Ecclesiam
1598 2860 1858 2917 progreditur,
1890 2876 1937 2901 ac

1148 2919 1277 2960 donec
1317 2921 1585 2960 Concionator
1607 2919 1827 2965 adveniret,
1860 2921 1938 2960 Ca-

1147 2977 1292 3017 thedrae
1302 2980 1448 3019 vicinus
1465 2979 1646 3033 expestat.
1674 2975 1829 3033 jamque
1840 2992 1935 3017 con-

1148 3034 1275 3076 stituta
1300 3034 1395 3075 hora
1424 3037 1568 3077 Orator
1588 3035 1811 3082 acceiserat5
1842 3037 1934 3078 cum

1148 3098 1255 3134 ecce!
1286 3093 1463 3149 pijffimus
1491 3094 1553 3134 hic
1575 3093 1779 3140 Sacerdos,
1809 3092 1933 3148 pulpi-

1148 3165 1229 3197 tum
1252 3150 1471 3194 ascendenti
1504 3151 1730 3211 (inspirante
1742 3150 1844 3194 haud
1861 3151 1937 3201 du,

1840 3207 1905 3250 bib
