2164 3413
0 209 38 323 'Pu‘
0 130 25 189 ’191
0 0 25 103 ῦῐίυβ

739 93 1062 174 Conceptus
1143 92 1367 156 XLVss.

222 204 323 246 parat
347 192 687 248 Conceptionem:
712 188 900 231 schedulae
923 203 1017 244 ergo

224 249 306 289 haec
322 252 444 306 pauca
467 250 647 305 inscripsit
663 249 777 290 verba
793 266 801 289 ε
832 251 872 288 In
886 251 1017 303 Concep-

220 308 305 346 tione
315 308 373 347 tuaA
381 310 484 365 Virgo
497 308 703 348 immaculata
705 307 814 363 fuisti:
828 323 884 346 ora
886 318 948 362 pro
961 321 1016 344 no-

219 364 269 405 bis
279 368 412 406 Patrem
424 396 436 413 ‚
465 369 552 422 cujus
562 367 681 406 Elium
693 366 846 422 peperisti.
894 366 1012 404 Hanc

219 423 336 480 porro
349 424 528 465 schedam
539 454 549 471 ‚
574 438 761 479 tanquam
772 422 1013 464 saluberrimi

217 482 416 537 quandam
425 483 673 528 medicinam,
687 482 803 539 plena
814 485 854 522 in
867 483 1013 537 Deipa-

218 556 302 582 ram
317 541 457 582 fiducia
467 571 478 588 ,
502 555 711 598 purpurato
723 543 890 597 Principi
902 539 1014 580 obtu-

219 599 267 640 lit
277 599 580 656 deglutiendam.
631 602 678 640 Et
697 604 812 640 ecce!
835 602 898 641 vix
909 597 1015 639 sche-

219 658 313 698 dam
324 658 541 700 Cardinalis
561 659 713 714 sumpsit
733 688 744 705 ‚
770 660 861 699 cum
883 655 1016 697 laxatis

221 721 462 773 quantocyus
474 716 756 772 aquaeductibus
768 746 779 763 ,
806 716 951 773 septem
962 715 1016 756 sat

220 776 428 832 ponderosi
457 777 633 833 prodiere
651 775 789 816 calculi
806 804 817 822 ,
849 789 1016 830 quorum

220 849 317 875 unus
330 838 370 875 in
387 835 460 875 hac
473 835 565 891 ipsit,
578 850 695 890 quam
706 832 917 876 C6feffario
929 848 1016 890 por-

219 896 368 950 rigente
394 892 720 950 introfiimpserat‚
747 891 909 938 scheda,
933 907 1017 933 non

220 952 298 992 fine
312 951 484 994 evidenti
495 952 694 998 miraculo,
717 951 942 993 cernebatur
957 954 1015 991 in-

221 1010 386 1051 volutus.
418 1013 475 1051 Ex
491 1027 569 1066 quo
591 1011 734 1051 fac'tum
752 1040 763 1057 ‚
799 1025 840 1052 ut
855 1009 1017 1051 obtenta

220 1068 356 1125 paullo
369 1069 453 1126 post
466 1069 616 1126 integra
635 1069 815 1116 sanitate,
847 1084 929 1109 non
950 1068 1018 1108 nisi

219 1131 425 1185 Virginem
438 1130 681 1170 Genitricem
693 1158 703 1174 ,
732 1129 808 1169 fine
821 1127 906 1169 labe
922 1143 1018 1168 con-

222 1201 390 1243 ceptam,
406 1186 663 1228 liberatricem
677 1191 957 1244 recognoverit,
974 1202 1018 1226 ac

223 1245 460 1286 humillimas
472 1246 673 1287 reddendo
686 1261 820 1302 grates,
843 1244 1019 1301 singulari

223 1304 328 1345 cultu
342 1334 352 1350 ‚
382 1305 431 1344 ad
441 1305 520 1345 dies
532 1309 618 1345 vitae
631 1334 640 1350 ,
662 1304 878 1360 prosecutus
894 1304 1017 1350 fuerit,

223 1365 313 1403 Hoc
341 1363 571 1404 miraculum
602 1367 673 1404 toti
703 1366 844 1405 Roma:
874 1363 1018 1404 notiffi-

222 1436 332 1462 mum
347 1451 357 1468 ,
375 1421 487 1463 refert
506 1422 740 1479 Raynaudus
755 1423 915 1480 inpietate
925 1424 1017 1479 Lug-

221 1480 299 1522 dnn.
319 1489 357 1524 εἰ]
367 1480 437 1535 alij.

402 1559 442 1621 ᾗ.
466 1568 509 1618 5.
549 1553 823 1628 &mholum

307 1653 506 1697 EXterna
552 1651 687 1694 MaLI
732 1647 920 1712 speCIes

274 2935 407 2969 Externa,
430 2935 574 2976 ὃςυοιίες,
592 2937 738 2966 Malorum
759 2932 955 2964 formadolosa
966 2933 1020 2967 est!

316 2979 390 3006 Dum
402 2978 476 3007 bona
487 2979 551 3015 sape
561 2988 655 3016 putas,
666 2979 725 3007 sunt
736 2978 815 3007 mala
825 2977 903 3005 Mala
915 2985 1021 3005 tamen.

274 3019 351 3048 Dum
369 3020 440 3049 Mali
457 3029 571 3048 externo
589 3019 662 3048 male
684 3020 803 3048 credidit
818 3019 873 3046 Eva
893 3017 979 3045 colori
997 3036 1004 3048 ‚

318 3062 386 3089 Non
395 3061 480 3089 trahit
492 3072 524 3089 cx
537 3061 617 3088 Malo
628 3070 695 3099 pura
705 3063 735 3090 M
745 3071 829 3091 Aina
846 3060 970 3089 malum.

315 3121 368 3150 Sub
381 3122 484 3150 Arlzcre
501 3122 770 3160 Malositssitavite,
791 3120 831 3149 ibi
848 3128 973 3159 corrupta
991 3118 1028 3153 est

238 3167 333 3194 Mater
342 3172 404 3195 tua,
413 3163 450 3191 ibi
459 3163 573 3193 violata
582 3162 750 3197 estsseniirtx
758 3172 819 3193 tua·
830 3164 903 3192 Cant
916 3167 1027 3198 c.8.v.5,

1734 106 1827 162 159

1227 268 1264 318 §.
1291 259 1343 314 6.
1384 260 1683 336 Antiquitas.

1063 398 1288 445 CaDente
1318 400 1486 455 TVrrI‚
1525 396 1729 445 N0b1L1s
1755 399 1996 465 Her1328.

1270 471 1391 516 MIra
1411 467 1669 516 leeratIo.

1182 568 1237 607 Ies
1252 582 1334 608 erat
1350 567 1425 624 qua
1450 571 1492 609 in
1520 571 1690 611 civitate
1702 568 1860 610 Medio-

1200 625 1363 670 lanenfi>
1373 631 1492 668 Anno
1507 643 1518 666 i
1535 644 1548 668 1
1562 643 1575 668 1
1589 644 1627 682 7.
1643 627 1861 684 complures

1066 683 1232 724 Nobiles
1251 714 1261 730 ‚
1281 689 1321 724 in
1341 685 1445 726 certa
1463 686 1587 727 domo
1604 716 1614 732 ‚
1646 690 1707 727 cui
1733 690 1861 727 vicina

1066 744 1200 782 Turris
1211 744 1464 790 imminebat,
1493 759 1780 790 convenerant,
1823 760 1866 785 itt

1066 799 1119 840 ibi
1140 800 1188 841 de
1209 804 1398 858 negotijs‚
1429 817 1642 843 commune
1666 803 1830 860 Reipub‘

1067 873 1121 899 cae
1141 858 1291 900 bonum
1309 861 1635 901 concernentibus
1653 888 1664 904 ,
1697 866 1775 902 invi
1806 896 1809 897 ν

1066 917 1334 973 colloquendo
1382 921 1607 965 tractarent,
1640 923 1733 960 ciim
1755 936 1811 960 cet

1066 975 1223 1017 illorum
1248 976 1384 1032 aliquis
1407 978 1531 1023 audit,
1568 977 1697 1018 nescio
1727 977 1751 1018 a
1766 994 1862 1032 quo,

1067 1034 1189 1076 altum
1216 1035 1272 1081 se,
1305 1039 1463 1093 proprio
1479 1040 1642 1077 nomine
1658 1066 1669 1082 ,
1702 1041 1832 1078 vocari
1856 1067 1866 1083 ‚

1069 1108 1109 1134 ut
1135 1097 1377 1150 quantocyus
1403 1094 1509 1136 extra
1541 1110 1695 1150 portam
1725 1095 1866 1136 domus

1069 1157 1109 1194 in
1126 1153 1295 1208 plateam
1311 1154 1463 1208 prodire
1476 1152 1601 1194 vellet.
1663 1153 1867 1194 Differtfic

1069 1225 1230 1253 vocatus
1245 1212 1443 1268 progredi:
1470 1219 1510 1254 ὃς
1527 1227 1576 1252 en
1593 1217 1600 1252 l
1634 1215 1689 1253 vir
1706 1214 1866 1266 quidam

1068 1273 1291 1327 incognitus
1327 1270 1622 1326 domumi'plam
1647 1270 1832 1312 subintrat
1852 1301 1863 1317 ,

1069 1343 1203 1383 atque,
1235 1343 1275 1368 ut
1295 1329 1400 1369 dicto
1443 1329 1583 1370 Nobili
1613 1329 1740 1370 lecum
1767 1346 1861 1386 pau-

1068 1386 1178 1444 lisper
1189 1388 1369 1444 progredi
1384 1386 1569 1444 placeret,
1601 1388 1774 1444 precibus
1804 1405 1868 1430 ro-

1070 1450 1165 1502 gitat
1181 1445 1469 1491 humaniffimis.
1527 1447 1762 1501 Obsequitur
1778 1462 1862 1489 tan-

1070 1504 1237 1545 demille
1250 1508 1441 1546 invitanti.
1471 1506 1643 1560 thtiid?
1673 1509 1736 1546 vix
1757 1521 1866 1549 extra

1071 1563 1192 1604 limen
1216 1564 1359 1620 pedem
1386 1563 1557 1619 posuerat
1573 1594 1582 1610 ‚
1616 1569 1707 1604 cum
1730 1580 1861 1606 corru-

1069 1636 1160 1663 ente
1176 1652 1186 1668 ‚
1216 1622 1367 1679 ingenti
1379 1622 1548 1679 fragore,
1581 1622 1730 1678 integra
1740 1624 1868 1665 vicina

1070 1680 1208 1727 Turri,
1231 1696 1315 1722 tota
1330 1681 1395 1722 illa
1415 1682 1573 1726 domus,
1607 1680 1866 1724 miserandum

1069 1743 1112 1780 in
1163 1740 1330 1780 modum
1369 1739 1509 1780 obruta
1530 1768 1541 1785 ‚
1572 1738 1787 1795 omnesdue
1815 1742 1868 1784 ad

1068 1814 1191 1840 unum
1205 1798 1369 1839 Nobiles
1380 1827 1390 1844 ,
1405 1802 1470 1852 qui
1482 1797 1572 1838 illuc
1584 1812 1865 1847 convenerant,

1067 1856 1149 1912 ipso
1178 1856 1388 1913 spectante,
1426 1856 1579 1896 fuerunt
1612 1856 1862 1911 conquassati.

1067 1918 1186 1956 Tunc
1207 1913 1407 1955 enimvero
1434 1917 1621 1971 cognovit
1641 1918 1809 1970 primuni
1821 1916 1870 1956 il-

1070 1973 1130 2020 le,
1168 1972 1287 2028 quam
1315 1972 1491 2028 singalari
1513 1975 1652 2014 Divini
1680 1975 1867 2014 Numinis

1070 2030 1334 2089 providentia,
1365 2031 1461 2072 solus
1482 2030 1557 2087 ipse
1573 2030 1696 2072 {iti-isti
1708 2032 1786 2074 hoc
1807 2036 1868 2075 in-

1070 2091 1244 2132 fortunio
1255 2117 1265 2134 ‚
1299 2105 1343 2131 ac
1355 2089 1636 2145 praelentiffimo
1651 2095 1788 2132 mortis
1800 2107 1867 2148 pe-

1071 2149 1196 2191 riculo
1212 2178 1223 2195 ‚
1248 2149 1403 2203 reliquis
1414 2148 1463 2190 ad
1476 2164 1596 2189 unum
1608 2150 1866 2205 pereuntibus,

1071 2208 1186 2250 fuerit
1194 2207 1383 2249 liberatus.
1442 2208 1615 2264 chierius
1625 2206 1663 2246 de
1679 2207 1843 2248 Hweden
1853 2239 1865 2256 ‚

1070 2284 1103 2309 ι.
1130 2278 1224 2323 part,
1245 2266 1375 2311 Annal.
1386 2264 1432 2306 ad
1439 2268 1575 2308 Annum
1602 2282 1690 2314 1117.
1708 2268 1869 2311 ‘Nlenoclu

1071 2328 1198 2367 Centur.
1207 2341 1242 2371 4.
1255 2341 1341 2365 num.
1353 2334 1416 2372 84.

1172 2442 1253 2482 Hic
1270 2440 1370 2481 casus
1386 2443 1427 2481 in
1438 2443 1671 2482 memoriam
1682 2438 1787 2481 haud
1794 2439 1869 2482 ob-

1072 2498 1177 2541 scure
1201 2513 1358 2542 revocat
1384 2497 1618 2540 miseriorem
1630 2498 1748 2556 longe
1775 2501 1869 2541 Pro-

1074 2573 1323 2616 toparentum
1351 2557 1489 2599 calum.
1502 2561 1735 2600 Conventus
1744 2561 1868 2599 enim-

1072 2617 1189 2664 vero,
1219 2633 1264 2659 ac
1283 2617 1421 2657 domus
1433 2616 1641 2658 Nobilium
1656 2646 1667 2663 ,
1696 2616 1869 2658 universa

1071 2676 1224 2718 videtui·
1247 2676 1422 2716 hominis
1444 2705 1455 2722 ,
1487 2676 1537 2716 ad
1547 2678 1628 2717 Dei
1651 2677 1869 2732 Imaginem

1071 2739 1204 2782 creati,
1228 2737 1452 2791 progenies,
1483 2748 1568 2789 quse
1598 2748 1753 2778 tamen,
1780 2749 1868 2774 cor-

1070 2808 1207 2835 ruente
1220 2792 1377 2848 fiiperba
1388 2795 1502 2834 Turri
1513 2822 1524 2839 ,
1544 2792 1699 2834 Adamo
1711 2790 1867 2839 scilicet,

1071 2851 1126 2892 ob
1151 2851 1364 2908 superbiam
1390 2850 1520 2892 illam:
1552 2852 1659 2890 Eritis
1686 2849 1865 2905 ficutDij‚

1071 2908 1094 2951 ὲ
1109 2910 1259 2952 summo
1274 2909 1464 2951 felicitatis
1479 2907 1662 2954 culmine,
1683 2912 1724 2948 in
1742 2907 1870 2948 miser-

1075 2971 1218 3009 rimum
1237 2967 1375 3009 statum
1403 2969 1578 3022 dejeeoe,
1608 2981 1657 3007 ex
1681 2979 1768 3008 toto
1797 2966 1871 3009 fuit

1075 3026 1244 3069 subversa
1254 3055 1264 3072 ,
1294 3041 1339 3067 ac
1349 3041 1416 3082 per
1426 3027 1503 3067 hoc
1519 3023 1640 3081 ipsum
1651 3039 1869 3082 peccatum,

1077 3085 1209 3126 misere
1220 3084 1408 3125 destructa
1420 3113 1431 3130 ,
1476 3084 1551 3124 una
1561 3097 1694 3125 tamen
1706 3086 1807 3140 prius
1819 3097 1868 3124 ex

1077 3145 1156 3186 hoc
1175 3142 1369 3186 consortio
1386 3145 1585 3186 Divinitus
1609 3141 1792 3188 evocata,
1823 3157 1868 3183 ac

1740 3200 1764 3240 ὲ
1783 3215 1841 3240 ru-
