2164 3413
31 260 121 290 Hom.
141 264 168 287 6.

31 311 131 330 contra

32 343 143 371 Nestor.

31 385 111 412 Orat.
122 384 155 412 de

31 424 171 464 Affumpt.

29 1470 168 1507 Aponu-

31 1519 116 1545 *2213-

26 1986 182 2014 c.2.3.v.17.

25 2331 93 2361 Psal.
112 2343 121 2361 1
131 2344 157 2368 7.

27 2384 53 2403 v·
66 2385 108 2408 29.

26 2495 95 2525 Psal.
113 2503 158 2526 16.

25 2546 89 2573 v·3.

26 2762 95 2793 Psal.
107 2769 152 2793 62-

27 2813 53 2834 v.
65 2815 91 2834 1.

24 2863 91 2892 Psal.
103 2869 148 2896 76.

25 2914 89 2946 v.4.

717 72 1057 154 Conceptus,

1141 73 1343 134 LXIV.
1709 90 1805 146 217

198 169 523 228 comprehenderunt,
558 184 642 225 quae
664 168 767 210 hanc
793 170 911 226 ipsam
941 168 998 233 ob
1045 168 1192 225 semper
1204 168 1275 210 fuit
1284 172 1435 209 Lucerna
1442 167 1611 226 splendens
1621 169 1718 227 fitper
1728 171 1843 213 cande·
1866 189 2004 220 Eccum>

200 228 384 271 causama
416 228 617 285 S.Cyrillo
641 231 791 268 Lucerna
825 228 998 268 inextinblt

200 288 350 332 luminis,
390 295 430 330 &
467 287 488 328 a
508 290 640 328 Leone
666 289 901 343 Imperatore
927 289 1000 324 Lu-

201 362 295 386 cerna
312 346 463 404 perpetub
487 346 613 389 lucens,
645 354 684 387 (9·
704 361 868 402 nunquam
890 345 998 384 extin-

201 405 253 443 Ha
270 434 281 451 ‚
309 417 367 461 per
393 420 489 461 quam
512 405 533 443 ἁ
566 403 731 443 tenebrosa*
748 404 870 460 peccati
900 416 999 442 morte

199 463 327 503 liberati
341 463 456 519 summ
471 491 482 508 ,
513 469 552 505 &⁶
572 462 744 502 liberamur
758 469 821 504 &a
854 462 1000 517 deprae-

200 522 357 562 dicatur.
417 521 620 561 Adducere
643 520 708 561 hic
742 518 888 577 posiem
913 520 1001 560 lon-

200 595 309 637 gam,
342 594 410 636 per
427 582 562 620 omnia
577 578 731 624 saecula,
751 581 930 623 Parrum,
959 583 1000 619 &

201 642 423 680 Doctorum
445 637 598 684 seriem,
629 641 694 692 qui
721 651 762 677 ut
791 638 923 677 lucernae
944 651 1001 674 ar-

201 697 498 738 dentesluxerunt
517 699 555 736 in
577 697 700 737 domo
713 698 905 739 Domini,
935 694 1002 734 nisi

201 755 523 812 supervacaneum
544 754 688 811 prorsus
702 754 916 796 videretur,
945 751 1002 792 lu-

202 830 334 855 cernas
363 813 531 871 proferre
560 814 791 858 inmeridie,
823 815 915 852 cum
941 812 1001 850 in-

202 877 315 914 terim
356 874 396 913 hi
430 888 568 913 omnes
604 872 682 912 una
712 886 810 913 voce
851 867 1001 927 procla-

202 946 312 973 ment
328 959 338 974 ‚
369 947 451 972 non
478 934 690 972 extinctam
723 933 763 969 in
777 931 863 969 none
889 930 1000 969 Con-

202 994 392 1047 ceptionis
406 993 593 1031 Mariana:
617 989 816 1029 lucernam
833 990 1001 1043 origina—

199 1050 501 1090 lisinnocentiae.
533 1051 631 1102 Qis
643 1062 737 1104 ergo
748 1046 920 1091 dubitet,
947 1044 996 1086 de

198 1111 347 1149 MARIA
366 1113 405 1149 ἃ
423 1123 506 1147 non
519 1107 567 1146 de
586 1106 664 1146 alio
690 1105 864 1160 quodam
885 1104 1000 1144 intel-

199 1166 401 1224 ligendum
413 1165 483 1206 effi:
496 1164 590 1205 illud
606 1183 613 1202 :
646 1166 728 1203 Non
746 1165 950 1219 extinguetur
968 1163 1002 1202 in

201 1226 288 1265 noe'le
305 1225 432 1264 lucerna
446 1225 546 1279 ejus?
573 1221 795 1279 praesertim,
828 1226 918 1262 cum
937 1220 1001 1261 ille

202 1288 241 1323 in
261 1286 441 1325 MARIAM
466 1285 596 1323 venire
610 1312 620 1327 ,
653 1288 691 1323 ἃ
714 1296 761 1321 ex
782 1279 827 1320 ea
847 1280 1000 1336 prodire

201 1342 389 1387 statuerit,
413 1344 479 1396 qui
496 1355 622 1381 totum
635 1338 803 1385 serenat,
832 1338 1000 1384 irradiat,

201 1408 242 1443 &
255 1400 461 1457 infulgurat
477 1398 694 1440 Paradisum
711 1428 720 1444 ‚
751 1397 799 1438 de
824 1413 903 1452 quo
917 1397 1003 1437 scri-

204 1460 304 1500 bitur
329 1475 337 1497 :
370 1459 501 1499 Claritas
524 1460 559 1497 D
574 1460 652 1496 EI
676 1456 873 1496 illuminavit
898 1472 968 1495 eam
993 1485 1003 1502 ‚

201 1519 380 1561 &lucerna
395 1519 463 1572 ejus
477 1516 517 1567 ‹st
527 1519 654 1572 Agnus.
669 1516 725 1555 Ex
742 1515 819 1555 hoc
829 1517 936 1554 enim
950 1514 1003 1554 fa-

200 1576 273 1618 cile
287 1575 398 1616 nobis
411 1574 620 1632 persuasum
634 1573 776 1613 habere
797 1572 1001 1629 possumus,

199 1636 368 1676 eandem
383 1634 502 1691 ipsam
520 1632 742 1678 lucernam,
773 1631 868 1672 illud
880 1630 1002 1687 ipsum

199 1692 477 1736 candelabrum
493 1691 700 1748 gloriosum
714 1719 725 1736 ,
748 1706 887 1746 corpus
903 1705 1001 1745 quo-

198 1769 287 1808 que,
310 1755 533 1801 &ani-mam
551 1749 684 1790 futurae
694 1752 905 1791 Genitricis
916 1764 1001 1805 per-

200 1809 394 1853 fectiffime
422 1807 662 1850 illuminasse.
721 1808 879 1848 Meliori
909 1821 998 1863 pro-

201 1871 292 1911 inde
306 1871 385 1924 jure
397 1895 408 1911 ‚
439 1867 557 1923 quam
569 1866 911 1923 supranominatus
932 1871 999 1918 Jo-

200 1929 287 1975 bus,
320 1927 474 1985 gloriari
502 1926 550 1966 de
578 1925 612 1966 se
637 1927 785 1966 MAR1A
814 1937 965 1981 poterat
988 1938 997 1963 z

199 1991 283 2028 Non
291 1988 376 2044 perij
393 1997 523 2044 propter
536 1985 737 2024 imminentes
752 1983 891 2023 tenebrat
903 2013 913 2030 ‚
943 1998 999 2023 nec

189 2048 314 2103 faciem
322 2061 424 2085 meam
439 2045 561 2101 operuit
575 2043 684 2099 caligo.
732 2045 885 2100 Qare?
910 2056 999 2083 cau-

199 2106 277 2146 sam
294 2103 369 2161 ipsa
396 2102 488 2143 alibi
515 2102 703 2146 insinuat,
734 2099 999 2156 Numinisque

199 2163 383 2219 singulare
403 2161 636 2216 adjutorium
653 2173 765 2216 grato
781 2163 916 2201 animo
932 2173 998 2216 ag-

200 2222 381 2267 noscens,
413 2223 636 2260 Dominum
663 2219 910 2272 adjuvantem
930 2219 998 2259 de-

199 2281 384 2337 praedicat
408 2308 418 2325 ,
451 2279 583 2318 dicens
627 2292 718 2317 cum
758 2276 949 2318 Psalmiste‘i
986 2293 995 2318 :

198 2341 360 2398 Qoniam
382 2352 417 2377 tu
440 2337 600 2376 illuminas
624 2336 785 2375 lucernam
799 2352 904 2376 meam
925 2337 997 2375 Do-

199 2401 281 2439 mine
299 2413 306 2436 :
339 2399 470 2436 DEtzs
482 2410 568 2435 mem
579 2394 722 2433 illumina
740 2393 879 2433 tenebras
891 2409 996 2440 meas3

198 2458 346 2513 quoniam
369 2457 401 2495 in
426 2469 455 2494 te
476 2455 592 2511 eripiar
628 2453 648 2491 ιὶ
669 2453 848 2492 tentatione.
880 2456 996 2493 item:

205 2515 351 2569 ‘probasti
370 2530 421 2552 cor
443 2529 566 2558 meum,
599 2519 638 2553 &⁴
662 2510 795 2565 'visitasti
823 2513 926 2556 nobie,
957 2518 997 2554 ὠ·

201 2590 262 2612 non
277 2575 316 2628 est
334 2575 467 2613 inventa
489 2573 522 2610 in
537 2587 584 2610 me
597 2570 754 2626 iniquitas.
786 2572 847 2611 Sic
867 2572 993 2609 enim-

200 2632 292 2672 vero
316 2658 326 2673 ,
359 2630 447 2670 licet
471 2629 531 2683 alij
556 2629 714 2683 quidam
739 2657 749 2673 ,
781 2643 871 2668 cum
893 2632 993 2669 Vate

200 2691 350 2745 Regio,
381 2689 507 2728 dicere
524 2686 681 2744 possint:
712 2687 998 2731 DEtzs,DEus

198 2763 306 2790 meus,
337 2745 382 2785 ad
403 2760 433 2786 te
465 2746 502 2786 de
526 2747 592 2786 luce
616 2745 744 2802 vigilo:
775 2744 903 2785 dicere
936 2759 993 2785 ta-

200 2821 291 2846 men
305 2808 452 2845 Minui
472 2820 562 2845 cum
581 2805 722 2845 eodem
756 2803 992 2860 psalmogra-

198 2865 280 2921 pho
300 2862 376 2903 sola
389 2876 537 2918 poterat
558 2881 565 2903 2
597 2863 875 2920 Anticipawerunc
903 2863 993 2919 ‘vigi-

199 2924 254 2962 lias
276 2922 355 2961 oculi
371 2922 431 2960 mei
454 2950 464 2967 ‚
504 2921 638 2977 utpote
682 2936 766 2976 quae
804 2919 991 2976 tanquam

199 2982 290 3020 clara
304 2983 469 3024 Lucerna,
487 2977 508 3018 a
522 2981 635 3020 DEO
650 2980 728 3033 jam
744 2980 906 3021 abinitio
919 2979 989 3020 suae

199 3041 480 3095 Conceptionis
496 3037 728 3093 singulariter
749 3038 964 3081 illuminata
975 3063 988 3082 >

1048 227 1176 268 labrum
1189 228 1338 267 Sanflum
1350 256 1360 272 ,
1391 242 1435 267 ac
1449 227 1595 269 medias
1615 232 1716 270 inter
1727 234 1845 289 origi-

1050 289 1168 327 nariae
1186 283 1282 326 labis
1321 285 1498 326 tenebras
1509 301 1592 326 non
1612 291 1766 328 tantum
1786 294 1846 331 in-

1051 346 1217 384 extincta
1229 368 1240 388 ,
1271 347 1406 385 verum
1419 347 1538 384 etiam
1552 343 1758 387 clarissimis
1774 351 1848 389 Di-

1049 407 1149 444 vinae
1161 405 1288 459 gratiae
1301 403 1412 456 radijs
1422 404 1560 459 jugiter
1578 404 1824 460 resplendens
1838 438 1850 454 ,

1051 476 1214 502 omnem
1230 464 1379 517 peccati
1394 463 1511 500 nonem
1535 465 1648 509 vicit,
1679 462 1852 520 labisque

1052 520 1203 565 nescia,
1234 522 1415 560 cunctam
1458 523 1610 576 prorsus
1641 521 1851 579 caliginem

1051 576 1237 634 perpetuo
1266 593 1314 618 cx
1345 578 1476 619 anima
1500 578 1752 635 proscriptam
1781 582 1852 624 ha-

1051 636 1146 680 buit.
1206 639 1246 676 O
1262 639 1435 677 animam
1456 636 1708 680 felicissimam
1720 640 1851 689 simul,

1051 709 1096 735 ac
1118 694 1430 735 lucentiffimam!
1463 711 1548 750 quae
1560 696 1666 737 velut
1681 699 1777 755 jugis
1795 699 1853 741 lu-

1052 768 1189 799 cerna,
1224 751 1368 808 semper
1380 754 1588 808 permansit
1610 756 1853 804 acceiisa‚co-

1052 827 1135 852 ram
1155 813 1308 852 Divino
1325 811 1447 852 Altari
1461 841 1470 856 ‚
1501 819 1540 855 &
1557 828 1758 869 nunquam
1782 817 1854 858 fuit

1051 872 1219 911 extinsta
1240 898 1250 915 ,
1279 868 1342 909 sed
1358 869 1518 912 servavit
1543 870 1677 914 lumen
1698 876 1854 916 Divinae

1051 942 1194 985 gratiae,
1216 927 1468 984 praebendum
1491 930 1721 984 viatoribu52‚
1751 934 1856 974 unde

1055 987 1197 1043 possint
1214 987 1342 1028 videre
1355 990 1458 1027 viam
1470 985 1603 1027 salutis.
1664 991 1771 1030 Dico
1787 995 1856 1048 igi.

1053 1060 1136 1092 tur,
1175 1060 1246 1101 pro
1298 1044 1549 1085 conclusione
1593 1048 1821 1104 Conceptus
1844 1080 1856 1097 ,

1052 1105 1181 1150 idem,
1212 1103 1318 1157 quod
1352 1118 1540 1159 magnum
1565 1103 1662 1144 olim
1683 1106 1857 1150 Ecclesia:

1052 1162 1184 1203 lumen
1197 1188 1207 1204 >
1225 1165 1257 1203 S.
1269 1161 1498 1217 Augustinus
1509 1191 1519 1207 ,
1533 1162 1768 1205 auditoribus
1791 1182 1857 1223 pa-

1052 1221 1161 1262 terne
1190 1219 1210 1260 ὲ
1230 1220 1381 1276 pulpito
1408 1219 1619 1262 inculcavit
1652 1237 1659 1259 ι
1693 1228 1719 1261 O
1740 1223 1854 1265 homo!

1042 1279 1074 1336 fi
1089 1294 1151 1319 non
1160 1290 1251 1336 potes
1274 1279 1395 1324 Solem,
1414 1278 1535 1333 stilcem
1557 1279 1685 1319 attende
1694 1286 1741 1320 ad
1753 1283 1854 1323 lucer-

1053 1355 1131 1378 nam
1143 1367 1152 1383 ,
1183 1336 1212 1392 fi
1223 1352 1284 1376 non
1296 1348 1386 1393 potes
1398 1338 1434 1375 D
1445 1339 1482 1375 E
1492 1345 1525 1376 tl
1533 1339 1584 1376 M
1596 1366 1606 1383 ‚
1624 1338 1744 1393 saltem
1756 1341 1856 1382 homi-

1053 1413 1125 1436 nem
1136 1398 1261 1435 imitare
1273 1396 1285 1434 l
1303 1397 1468 1435 Dixerat
1479 1395 1556 1436 hoc
1568 1397 1797 1453 Augustinus
1807 1401 1857 1442 de

1055 1459 1088 1497 S.
1102 1458 1389 1509 protomartyre
1413 1454 1610 1509 Stephano
1631 1473 1637 1494 ι
1670 1456 1760 1498 dico
1779 1474 1854 1516 ego

1054 1513 1217 1570 idipsum
1240 1513 1288 1552 de
1310 1511 1499 1568 purissima
1514 1514 1698 1554 Numinis
1730 1518 1853 1558 Geni-

1053 1575 1160 1612 trice.
1192 1574 1310 1612 Hanc
1329 1570 1526 1611 lucernam
1547 1573 1724 1619 attende,
1748 1574 1852 1618 hane

1052 1633 1147 1672 DEI
1162 1631 1333 1671 hominis
1352 1632 1692 1672 Matremimitare!
1709 1639 1749 1675 &
1761 1637 1852 1677 cum

1052 1705 1137 1731 non
1179 1689 1289 1746 possis
1310 1687 1359 1729 ab
1388 1687 1600 1745 originali,
1632 1688 1765 1732 saltem
1800 1694 1850 1735 ab

1051 1747 1270 1793 actualibus,
1301 1760 1382 1787 tam
1398 1746 1623 1788 mortalibus
1635 1778 1643 1794 ‚
1656 1748 1773 1803 quam
1785 1769 1849 1793 ve-

1051 1806 1215 1848 nialibus
1256 1809 1425 1862 peccatis
1477 1821 1548 1862 pro
1573 1807 1712 1848 viribus
1735 1808 1849 1852 absti-

1049 1880 1117 1906 ne:
1149 1879 1191 1906 ut
1217 1863 1415 1905 mediante
1456 1864 1557 1905 clara
1582 1865 1655 1906 hac
1675 1866 1849 1917 lucerna,

1049 1925 1210 1981 Virgine
1247 1923 1418 1980 Deipara
1441 1953 1450 1969 ‚
1491 1939 1558 1980 per
1603 1926 1847 1970 tenebrosam

1048 1982 1222 2024 mortalis
1234 1985 1322 2024 vitae
1340 1982 1548 2039 caliginem
1563 2010 1573 2028 ,
1603 1983 1651 2024 ad
1661 2000 1846 2029 aeternam

1049 2043 1265 2083 claritatem
1281 2045 1488 2098 pervenias.

1222 2164 1258 2215 §.
1281 2169 1330 2211 2.
1376 2155 1672 2209 Anthoritas.

1083 2270 1122 2315 S.
1150 2270 1354 2317 IrenaeVs
1376 2303 1390 2326 ,
1429 2273 1637 2332 Delparae
1686 2271 1810 2333 ere

1187 2342 1456 2402 ConCeptae
1508 2346 1702 2388 aMator.

1050 2439 1076 2466 1.
1106 2425 1346 2480 Consentaneum
1357 2443 1426 2468 erat
1437 2457 1449 2475 ,
1476 2444 1512 2469 ut
1513 2429 1598 2485 ficut
1602 2440 1662 2486 per
1662 2426 1841 2484 foeminam,

1105 2484 1274 2525 Adamum
1301 2486 1502 2542 seducentem
1521 2515 1532 2531 ‚
1560 2487 1698 2528 mundas
1724 2488 1842 2542 fuerat

1096 2543 1264 2599 perditus,
1291 2557 1352 2601 per
1373 2548 1539 2602 faeminam
1566 2549 1593 2586 C
1598 2548 1646 2586 H
1654 2549 1727 2600 RI
1735 2545 1840 2585 STO

1101 2601 1323 2657 irzftrvientem
1334 2608 1573 2660 restauraretur.
1599 2603 1682 2647 Lib.
1697 2619 1728 2656 3.
1745 2619 1840 2645 con-

1097 2673 1155 2702 tra
1175 2660 1327 2703 Valent.

1044 2734 1074 2759 2.
1110 2719 1290 2761 Prudentia
1300 2721 1458 2778 serpentis
1491 2721 1526 2762 in
1548 2720 1758 2778 simplicitate
1787 2736 1839 2761 co-

1100 2777 1212 2818 lumba
1244 2778 1384 2820 devifla.
1439 2782 1485 2821 L.
1498 2795 1526 2833 5.
1559 2796 1591 2820 c.
1612 2795 1660 2833 15.
1699 2793 1838 2821 contra

1100 2836 1229 2877 haeres.

1041 2909 1071 2946 3.
1103 2894 1223 2935 Adhuc
1235 2896 1420 2953 protoplasti
1436 2908 1625 2953 peccatum,
1651 2906 1711 2951 per
1736 2910 1837 2935 corre-

1095 2955 1224 2993 &ionem
1238 2956 1474 3011 primogenita,
1505 2952 1753 2994 emendationem
1781 2969 1836 2994 ac-

1095 3013 1232 3069 cipiens,
1263 3022 1327 3056 &a
1356 3015 1396 3054 L.
1416 3028 1447 3065 5.
1469 3027 1550 3071 cap.
1565 3027 1618 3065 19.

1107 3192 1196 3252 Ee
1695 3202 1733 3251 §.
1744 3207 1786 3265 3.

1867 241 1894 261 V.
1907 243 1953 262 22.

1877 1223 1963 1250 serm.
1971 1221 2006 1251 de

1876 1264 1901 1293 S.
1910 1263 2003 1302 Steph-

1867 2314 1993 2374 443·
