2164 3413
819 97 1062 160 Praefatio
1083 98 1152 161 ad
1163 99 1395 162 Lectore
1401 119 1471 163 m.

219 215 295 243 mae
306 201 588 257 Conceptionis
598 229 609 248 ‚
619 197 726 243 velut
734 202 901 243 totidem
912 201 1061 258 specula
1076 202 1268 260 pellucida
1278 202 1459 259 appendi,
1484 201 1621 259 quibus
1633 215 1815 244 centenas
1825 202 2093 256 Antiquitates,

219 261 417 301 MARIAE
427 260 565 317 jugiter
579 259 786 317 applicatas
808 259 1072 317 superaddidi,
1105 261 1440 308 Peristromatum,
1472 261 1740 318 seuTapetum
1760 264 1993 302 variatorum
2009 258 2096 304 muf-

213 321 284 359 ‚nia
301 333 384 359 non
403 318 535 375 inepte
545 317 753 373 subeuntes.
814 318 938 365 Ostia,
962 317 1024 360 seu
1038 318 1307 377 introgressum
1317 320 1468 375 aedificij
1490 321 1658 377 pandere
1670 318 1838 361 debebat
1855 316 2034 375 ‚ingreffiis
2044 316 2095 358 ad

216 390 306 416 earn
322 375 584 433 Archangelus
595 375 775 422 Gabriel,
802 376 981 432 ipfiffimis
998 376 1163 433 supernae
1176 377 1377 434 legationis
1389 378 1534 425 litteris,
1544 382 1592 421 M
1604 382 1637 420 A
1647 381 1685 421 R
1697 380 1755 419 IA
1767 380 1815 419 M
1828 407 1840 424 ‚
1866 376 2096 418 destinatam

217 435 311 474 DEI
331 437 501 475 Matrem
519 466 530 481 ,
561 448 729 475 centeno
748 437 1071 491 Anagrammate,
1100 437 1226 491 eoque
1251 437 1466 492 purislimo,
1500 437 1729 493 purisiimam
1752 435 1934 481 salutans,
1966 450 2009 475 ac
2024 438 2093 474 irn-

217 493 465 533 maculatam.
522 495 649 533 Tecto
662 507 757 549 opus
766 508 850 534 non
865 493 1062 536 videbatur
1083 495 1248 535 :edificio
1265 494 1355 535 huic
1366 497 1589 542 Martiano,
1618 495 1642 536 a
1657 492 1796 551 Spiritu
1809 494 2094 550 San-Stojugiter

215 550 466 591 obumbrato.

385 611 473 649 Nec
484 608 643 649 deerant
667 607 769 649 certe
781 607 864 649 aliae
881 609 1059 663 quaeclam
1069 612 1255 656 rationes,
1288 626 1354 651 cur
1370 611 1500 652 Saeculi
1523 610 1641 651 nostri
1653 624 1828 666 tempore
1844 639 1856 656 ‚
1887 616 2089 665 negotium

215 665 293 705 hoc
309 695 319 711 ,
351 665 398 707 de
415 667 628 707 Beatiffimfv.
646 669 737 708 DEI
753 670 951 709 Genitrice
964 697 974 714 ,
1006 667 1141 724 sponte
1165 672 1204 708 in
1217 684 1279 708 me
1291 668 1537 725 susceperim,
1567 670 1796 714 Enimvero,
1828 673 1919 709 cum
1932 681 2087 707 mecum

214 722 342 779 saepius
370 727 660 783 perpenderim,
690 726 808 780 quam
818 725 961 766 fervide
976 755 987 771 ,
1018 741 1084 782 per
1105 739 1178 767 tres
1190 728 1347 782 jamjam
1366 743 1510 774 annos,
1541 727 1563 768 ὲ
1583 726 1839 785 Superioribus
1861 743 1954 767 meis
1976 725 2087 765 fuerit

214 781 455 831 laboratum,
485 787 670 839 quatenus
701 787 814 825 Sacra
837 784 903 824 illa
928 785 1147 825 Beatiffimae
1174 787 1265 826 DEI
1284 788 1453 826 Parentis
1472 787 1642 843 Effigies,
1682 784 1917 836 frontispicio
1947 783 2088 823 domus

212 841 487 896 praedi'catoriae
517 848 528 894 (
544 857 734 898 perquam
746 843 794 882 ad
814 842 1079 898 Baptisterium
1093 842 1264 883 nostrum
1280 843 1469 900 stepislime
1489 845 1608 891 mihi,
1638 859 1684 884 ex
1693 838 1843 889 officio,
1873 842 2087 900 proceden-

211 899 306 940 dum
322 901 396 952 est)
425 903 503 957 jam
530 904 648 941 Anno
662 906 763 953 1458.
796 900 843 941 ab
866 901 1108 941 Udalricanis
1128 903 1323 943 MARiAE
1350 902 1578 948 cultoribus,
1611 906 1651 943 in
1668 901 1860 958 publicam
1891 899 2084 942 transeun-

210 962 310 999 tium
330 963 644 1006 venerationem‚
674 961 849 1016 appicta,
880 973 995 1014 atque
1024 975 1105 1000 non
1127 962 1179 1000 ita
1204 961 1378 1016 pridem,
1410 961 1584 1002 violento
1605 967 1645 1003 &
1669 960 1838 1001 nefando
1864 959 2014 1006 modo,
2037 957 2087 998 ab

212 1018 437 1073 Augustauae
450 1017 687 1060 Confessioni
703 1017 862 1058 addictis
879 1017 1063 1058 destructa
1074 1047 1083 1063 ,
1113 1017 1244 1059 denuo
1272 1019 1320 1059 ab
1333 1019 1468 1073 ijsdem
1485 1019 1737 1060 restitueretur
1749 1048 1759 1064 ,
1789 1026 1833 1058 ac
1845 1017 2087 1058 decernenti·

213 1075 280 1116 bus
300 1077 653 1132 praesertimiteratis
674 1079 771 1117 Sacr.
784 1074 879 1116 Caes
895 1075 1105 1129 Majestatis
1131 1077 1393 1132 gratiosiffimis
1405 1077 1631 1133 Rescriptis‚
1659 1080 1700 1117 in
1727 1076 1926 1133 pristinum
1947 1075 2085 1125 statum

213 1139 226 1184 (
247 1137 349 1175 Anni
362 1137 547 1175 nimirum
561 1140 661 1185 1624.
682 1133 936 1175 conformiter
957 1133 1212 1175 instrumento
1233 1140 1334 1192 pacis
1352 1142 1361 1185 )
1397 1140 1507 1178 novis
1520 1138 1670 1192 depicta
1689 1132 1880 1176 coloribus
1895 1130 2083 1189 redigere-

210 1205 290 1233 tur:
328 1208 366 1234 at
382 1195 680 1237 intervenient-e,
711 1192 811 1248 proh
838 1192 972 1232 dolor!
1004 1193 1232 1249 praematura
1247 1194 1499 1250 Augustiffimi
1518 1195 1686 1251 pijffimae
1701 1196 1898 1233 memoria:
1915 1194 2081 1248 Impera-

212 1255 326 1297 toris,
370 1257 529 1303 JosEi’Hi
544 1253 569 1290 I.
592 1265 741 1297 morte,
770 1250 937 1307 suspensa
948 1254 1162 1292 etiamnum
1177 1252 1318 1294 hae-reat
1328 1253 1456 1294 nostra
1469 1255 1701 1310 expecffatio,
1733 1253 1836 1305 cujus
1865 1255 1884 1303 (
1899 1250 2084 1307 siSuperi's

210 1309 402 1365 placeret)
436 1313 614 1351 executio
624 1309 808 1366 gaudium
827 1309 930 1350 haud
943 1309 1057 1350 dubie
1067 1314 1181 1350 omni
1192 1326 1240 1352 ex
1259 1325 1364 1368 parte
1377 1311 1535 1368 plenum
1549 1311 1695 1353 Saeculo
1705 1310 1835 1350 nostro
1847 1309 2085 1350 Udalricano

208 1368 454 1415 conciliaret,
487 1375 561 1411 &a
622 1370 705 1425 Ego
721 1371 878 1408 interim
897 1366 1014 1408 aliam
1026 1369 1246 1410 Beatiffimae
1256 1373 1424 1426 Virginis
1444 1372 1660 1427 Imaginem
1675 1398 1685 1415 ,
1715 1368 1944 1425 puriffimam
1967 1371 2081 1407 nimi-

209 1431 316 1473 rum,
347 1443 390 1468 ac
405 1430 554 1484 prorsus
580 1426 871 1467 immaculatam
898 1428 1037 1467 MAR
1053 1428 1135 1467 1AE
1164 1430 1503 1485 Conceptionem,
1534 1444 1600 1484 per
1615 1430 1865 1483 Conceptum
1886 1426 2083 1481 quendam

209 1484 606 1543 Chronographicum
628 1484 845 1526 substituere
859 1514 870 1531 ,
898 1483 1103 1540 eidemc'lue
1117 1489 1288 1542 Virgini,
1317 1490 1358 1527 in
1375 1486 1581 1542 aliqualem
1594 1484 1952 1542 compensationem
1969 1483 2082 1525 illatae

207 1542 257 1584 ab
268 1543 692 1599 hostibusfiiisinjuriae2
717 1542 934 1585 humillime
954 1543 1154 1590 dedicare,
1183 1560 1228 1585 ac
1251 1543 1472 1586 consecrare
1495 1544 1620 1586 volui:
1652 1558 1694 1585 ut
1711 1559 1760 1585 eo
1784 1558 1901 1600 opere
1912 1543 2081 1583 maxime

207 1601 401 1658 placerem
412 1602 689 1648 immaculatae,
713 1604 817 1657 cujus
828 1601 935 1643 illam
956 1615 1186 1659 argumento
1206 1602 1379 1643 maxime
1400 1602 1574 1659 placuisse
1587 1604 1704 1644 DEO
1720 1631 1730 1649 ,
1761 1600 1972 1659 persuasum
1983 1601 2079 1641 mihi

207 1660 346 1701 habeo.
406 1662 494 1702 Nec
506 1660 599 1703 vei-o
619 1660 755 1703 dubito
770 1691 780 1707 ,
811 1662 986 1702 Numine
997 1661 1151 1702 favente
1166 1690 1178 1707 ,
1207 1661 1459 1717 CAROLoc‘iue
1471 1663 1536 1705 VI.
1556 1660 1822 1718 Augustiffimo
1835 1662 1986 1702 noviter
2006 1658 2081 1699 ele-

204 1722 272 1760 &0
296 1721 543 1775 Imperatore,
565 1734 635 1776 pro
651 1718 790 1773 justitia
805 1720 1057 1766 decernente,
1084 1718 1202 1761 aliam
1219 1734 1377 1775 quoque
1398 1722 1614 1777 Imaginem
1634 1719 1764 1765 illam,
1794 1717 1818 1760 ὲ
1837 1717 1974 1759 nostris
1998 1731 2080 1758 tam

207 1776 324 1832 juste,
356 1777 475 1832 quam
493 1777 636 1818 fervide
645 1781 867 1834 repetitam,
895 1777 1070 1834 proximi:
1085 1793 1154 1834 pro
1173 1791 1268 1819 voto
1284 1779 1332 1819 ab
1344 1777 1560 1833 adversarijs
1580 1777 1866 1819 restituendam.
1925 1779 2082 1833 Sperare

208 1838 395 1876 nimirum
407 1836 447 1877 id
465 1835 571 1891 jubet
585 1835 743 1894 ipsamet
757 1839 928 1893 Virginis
937 1835 1197 1878 immaculate
1208 1838 1434 1894 Conceptio
1445 1866 1456 1884 ,
1487 1838 1590 1892 cujus
1606 1851 1750 1893 nupera
1774 1835 1950 1878 Solennis
1965 1834 2080 1875 Festi-

207 1897 304 1937 vitas
322 1894 371 1935 eo
391 1898 516 1936 extitit
530 1893 594 1935 liic
613 1894 788 1951 Augustae
810 1895 1029 1952 gloriosior,
1058 1908 1137 1950 quo
1160 1894 1324 1936 feliciori
1353 1896 1544 1952 ipsiusmet
1563 1894 1815 1952 Augustiffimi
1839 1896 2083 1950 Imperatoris

206 1952 425 2008 praesentia,
452 1968 496 1993 ac
518 1953 695 2009 singulari
712 1983 724 2000 ,
752 1953 916 2009 verec'lue
938 1952 1114 2009 Hispano
1128 1978 1144 1986 -
1172 1952 1364 1994 Austriaca
1389 1955 1601 1996 devotione
1618 1983 1630 2000 ,
1659 1967 1740 1995 tam
1759 1967 1848 2009 erga
1863 1951 2079 2008 Augustisfi-

204 2024 315 2052 mum
340 2010 477 2052 Altaris
490 2014 780 2053 Sacramentum
819 2018 830 2062 (
843 2011 934 2067 quid
946 2015 1052 2052 enim
1068 2012 1121 2052 est
1143 2011 1373 2054 Evcharistia
1388 2013 1571 2069 Hispanis?
1601 2011 1736 2053 nonne
1763 2011 1936 2068 hispanis,
1968 2025 2080 2051 nem-

204 2072 379 2125 pevitae?
410 2071 513 2123 cujus
536 2083 663 2110 autem
694 2075 801 2126 panis
821 2071 875 2111 est
900 2071 1144 2123 Evcharistia?
1191 2070 1325 2111 nonne
1344 2071 1392 2110 hic
1420 2071 1592 2124 Austiiae?
1641 2076 1654 2120 )
1683 2069 1800 2124 quam
1825 2083 1913 2125 erga
1938 2071 2078 2109 imma-

203 2127 372 2169 culatam
398 2131 500 2184 Agni
521 2127 756 2168 immaculati
780 2130 949 2169 Mati-ern
969 2157 980 2174 ,
1010 2128 1060 2168 ad
1082 2129 1268 2170 summam
1298 2128 1595 2170 Catholicorum
1631 2128 1951 2172 aedificationem,
1979 2129 2078 2167 Aca-

204 2185 441 2227 tholicorum
467 2185 559 2227 vero
580 2185 774 2230 nauseam,
806 2185 876 2227 fuit
892 2185 1175 2233 concelebrata,
1235 2188 1282 2226 Et
1315 2185 1420 2233 sane,
1451 2184 1844 2228 ciimMonarchaille
1864 2185 2077 2241 Augustiff-

204 2258 311 2288 mus,
341 2246 477 2284 Virtute
501 2248 638 2285 Parrum
664 2258 721 2285 ter
756 2243 937 2285 secundus
953 2273 964 2290 ,
996 2247 1127 2285 unicus
1144 2243 1303 2298 quidem
1324 2244 1500 2300 superstes
1515 2274 1525 2290 ‚
1556 2244 1618 2286 sed
1638 2260 1708 2302 pro
1729 2258 1823 2286 voto
1836 2247 1949 2284 totius
1961 2243 2076 2285 Chri-

205 2302 314 2343 stiani
340 2303 470 2347 orbis,
502 2303 640 2343 merito
674 2304 1096 2358 MVLtIpLICanDVs
1115 2332 1123 2348 ‚
1155 2305 1325 2344 Paternae
1358 2316 1441 2344 tum
1467 2306 1635 2350 virtutis,
1669 2318 1752 2344 tum
1782 2306 1966 2359 potentiae
1994 2302 2071 2346 hae-

208 2377 264 2401 res
280 2392 291 2408 ,
326 2361 597 2418 Augustiffimae
628 2361 817 2402 Coclitum
839 2363 1072 2417 Imperatri'ci
1093 2360 1115 2401 a
1138 2364 1276 2401 teneris
1297 2362 1452 2415 jamjam
1482 2367 1593 2402 annis
1622 2361 1887 2402 addistiffimus
1901 2389 1912 2407 ,
1943 2364 2092 2418 genui--

208 2434 278 2460 nus
308 2419 561 2476 Leopoldinar:
577 2419 723 2474 Aquilae
753 2418 896 2475 pullus,
927 2422 1145 2474 Oeniponti
1166 2418 1188 2459 ὲ
1207 2418 1477 2474 Tyrolensibus
1502 2419 1657 2461 subditis
1687 2419 1818 2476 paullo
1847 2418 1937 2460 ante
1966 2418 2090 2459 debi-·

206 2492 291 2519 turn
306 2477 510 2534 suscepisset
521 2478 745 2534 homagium
759 2507 770 2524 ,
801 2492 883 2518 non
902 2477 966 2517 sub
987 2476 1059 2517 alia
1071 2477 1228 2532 quidem
1244 2479 1450 2532 juramenti
1467 2477 1651 2525 formula,
1681 2477 1798 2532 quam
1813 2477 1900 2523 illa,
1929 2491 2013 2533 quae
2024 2477 2073 2518 ab

205 2535 471 2592 Augustiffimo
483 2536 749 2592 gloriofiffimae
762 2539 958 2577 memoriae
969 2538 1128 2576 Parente
1146 2565 1156 2580 ,
1183 2538 1407 2579 Lfioi‘oLDo,
1429 2537 1506 2590 iam
1522 2540 1640 2578 Anno
1663 2543 1760 2588 1691,
1781 2540 1823 2576 in
1844 2536 2072 2593 singularem

206 2595 466 2635 Immaculata*
478 2596 760 2650 Conceptionis
770 2595 965 2635 honorem
983 2593 1269 2635 laudabilissime
1289 2593 1500 2657 praescripta
1513 2623 1523 2640 ,
1555 2593 1810 2650 omnibuffl'que
1829 2594 2075 2647 haereditarijs

206 2667 287 2694 tam
296 2652 492 2708 superioris
507 2678 517 2695 ‚
549 2652 666 2706 quam
680 2653 867 2693 inferioris
892 2652 1047 2693 Austriae
1057 2654 1265 2706 Provincijs
1282 2652 1501 2693 sanc'tiffim‘e
1515 2651 1750 2693 observanda
1769 2654 2066 2710 proponebatur,

208 2714 415 2752 nimirum:
447 2711 496 2750 Sic
507 2727 556 2749 me
567 2712 698 2750 DELIS
709 2710 866 2765 adjuvet,
899 2715 1047 2766 Concepta
1060 2710 1129 2763 fine
1148 2712 1231 2750 omni
1250 2710 1376 2750 macule}
1401 2712 1586 2767 Deauffima
1607 2712 1725 2751 DEI
1734 2713 1872 2757 Mater,
1904 2720 1943 2756 ὠ·
1963 2724 2069 2752 omnes
2088 2738 2091 2740 ,

207 2770 335 2810 SanSsi:
366 2772 455 2809 cum
467 2769 748 2824 praetereainde
775 2773 908 2809 itinere
921 2768 1128 2824 Augustam
1139 2767 1459 2825 versussuscepto‚
1491 2768 1575 2824 post
1586 2768 1838 2811 devotionem
1855 2770 1959 2811 suam
1977 2800 1987 2817 ,
2018 2767 2067 2808 ad

207 2831 511 2883 Tavmaturgam
526 2831 565 2866 in
579 2842 719 2882 campo
732 2829 851 2882 Lycio
863 2830 1064 2882 Virginem
1079 2856 1089 2872 ,
1119 2831 1159 2867 in
1178 2826 1318 2883 Vigilia
1328 2827 1495 2880 ejusdem
1509 2827 1763 2869 immaculatae
1775 2831 2068 2885 Conceptionis,

204 2884 470 2927 ferventissime
481 2884 705 2940 persolutam
718 2915 727 2930 ,
759 2888 967 2926 Civitatem
980 2884 1148 2925 nostram
1166 2884 1423 2941 Augustanam
1435 2911 1446 2931 ,
1474 2899 1549 2940 prae
1564 2890 1781 2927 communis
1801 2887 2068 2943 magnitudine

204 2944 330 3002 gaudij
351 2947 412 2985 vix
429 2943 546 2984 scmet
566 2946 784 2999 capientem
801 2943 1081 2999 ingrederetur,
1120 2959 1165 2984 ac
1187 2958 1253 2998 per
1275 2945 1431 2983 Portam
1452 2942 1586 2984 rubam
1621 2947 1809 3000 primum,
1840 2947 1981 2987 deinde
2002 2958 2067 3002 per

203 3003 372 3044 eandem
392 3005 540 3057 prorsus
565 3005 685 3044 viam,
715 3001 790 3055 qua
806 3002 853 3041 ad
875 2999 1126 3056 supradictum
1157 3000 1428 3057 praedicatoriae
1455 3001 1594 3041 domus
1623 3001 1919 3059 frontispicium,
1952 3001 2067 3045 Sacra

204 3063 377 3117 Imagine
393 3059 616 3115 spoliatum,
634 3063 817 3115 pergitur,
849 3059 897 3098 ad
913 3073 1163 3115 praeparatum
1179 3058 1244 3099 sibi
1266 3058 1465 3114 Imperiale
1483 3059 1670 3101 Palatium
1692 3062 1833 3117 magna
1854 3077 1942 3102 cum
1954 3075 2066 3118 pom-

207 3119 257 3176 pa
279 3119 548 3159 deduceretur:
581 3118 672 3172 quid
699 3117 801 3157 aliud
821 3117 956 3160 nobis,
991 3118 1032 3157 id
1062 3115 1267 3158 feliciffime
1287 3116 1548 3172 spectantibus>
1568 3122 1733 3160 ominari
1756 3119 1914 3166 licebat,
1945 3119 2064 3174 quam

209 3177 406 3222 Eundem,
437 3190 478 3217 iit
487 3179 672 3233 proximis
692 3175 822 3217 diebus
839 3174 1073 3220 francofurti
1094 3173 1350 3233 gloriofiffune
1369 3175 1660 3223 coronandum,
1694 3178 1951 3232 itajustisl'unae
1967 3193 2066 3232 quo.

1932 3257 2006 3296 que
