2164 3413
141 183 160 215 ι
169 183 203 214 de
214 182 293 216 Ifaac.

142 234 170 255 c.
190 232 216 258 6·

136 894 155 923 1.
166 904 207 921 22·
222 892 287 921 Mo·

132 935 182 965 121,
194 944 215 962 c.
229 944 272 970 14·

126 1427 150 1450 c.
167 1429 191 1457 ς·
206 1430 234 1451 v.

343 90 440 151 282

307 187 429 227 araneis
447 183 557 228 claude
578 203 586 228 ι
615 187 704 246 aperi
718 204 788 245 ergo
804 190 880 231 mihi
895 219 907 236 ,
936 190 1001 229 noli
1017 201 1091 246 ape-

306 246 373 285 rire
386 244 570 301 adversario
586 275 598 292 ,
626 262 724 303 neque
749 248 848 288 locum
874 247 929 287 des
949 247 1091 288 diaholo!

311 304 387 344 hoc
398 303 617 348 enimvero,
647 311 687 346 &
708 320 789 345 non
801 306 904 346 aliud
923 307 1092 346 indicare

311 360 461 418 sponsus
512 362 680 403 intendit
697 393 708 409 ‚
766 364 859 404 dum
905 364 1096 421 triplicem

311 419 417 460 hunc
445 419 597 460 titulum
618 450 629 467 ,
660 421 779 462 altero
819 421 931 462 titulo
950 452 960 468 ,
991 421 1095 477 quasi

308 492 376 534 per
422 479 702 534 compendium
742 479 956 525 ,concludit
971 506 982 524 ‚
1028 480 1094 520 ad-

309 536 403 576 dens
429 554 436 576 :
468 538 684 576 Immaculata
713 539 803 577 mea!
844 539 883 578 id
905 538 959 579 est
979 567 990 584 ,
1022 542 1094 578 im—

308 593 525 640 maculata,
557 609 638 635 tam
670 595 717 635 ab
746 595 941 653 originali,
976 596 1094 651 quam

307 652 355 692 ab
381 652 587 693 actualibus
604 656 778 709 peccatis.
839 655 899 695 Ad
919 654 1022 696 hunc
1045 655 1093 695 de

304 710 487 766 Virginea
509 712 614 750 Porta?
639 713 888 769 Conceptum
911 742 919 757 ,
951 717 991 753 in
1021 728 1091 754 no-

303 767 418 809 stram
438 768 641 809 utilitatem
664 771 1001 817 concludendum,
1023 787 1092 827 op-

303 825 398 867 time
413 826 573 869 deservit
596 827 793 868 laudabilis
820 829 883 870 ille
915 832 1093 884 antiquo-

304 899 388 926 rum
400 900 505 931 mos,
537 884 716 942 almagno
740 887 872 928 nostro
899 890 1093 945 Gregorio

304 942 518 984 obssrvatus
537 958 544 982 :
567 944 616 984 ad
633 944 796 986 Urbium
810 949 993 987 nimirum
1005 961 1092 1002 por-

299 1016 379 1047 tas,
416 1002 620 1057 prudentes
644 1004 842 1059 quospiam
863 1007 966 1044 viros
997 1020 1092 1044 con-

299 1060 491 1106 stituendi,
510 1064 575 1114 qui
587 1060 761 1103 causas&
784 1061 905 1118 litigia
923 1077 1058 1103 eorum
1078 1092 1089 1108 ,

298 1121 364 1173 qui
384 1117 716 1174 ingreffurierant,
746 1119 892 1160 ibidem
904 1123 1003 1176 prius
1022 1120 1089 1161 de-

298 1176 474 1221 finirent,
505 1191 554 1217 ne
588 1182 669 1230 quis
700 1176 799 1218 forte
816 1179 956 1234 pedem
974 1179 1087 1220 infer-

298 1248 354 1275 ret
365 1237 523 1276 Civitati
545 1264 556 1280 ,
584 1238 648 1290 qui
679 1235 874 1291 publicam
904 1240 992 1278 rixis
1018 1236 1086 1278 suis

298 1307 448 1349 pacem,
477 1293 912 1348 quietemQueturbaret.
944 1295 992 1336 de
1007 1310 1086 1350 quo

301 1351 474 1392 instituto
498 1354 617 1393 Amos
640 1353 831 1408 Propheta
860 1382 870 1399 ,
902 1356 1020 1395 Sacris
1044 1359 1085 1394 in

298 1409 452 1455 litteris,
481 1409 650 1466 expresse
678 1413 759 1451 ait:
794 1412 968 1462 Constituite
987 1411 1086 1460 Judi-

300 1484 365 1507 cem
389 1469 422 1507 in
426 1468 531 1524 portd.
589 1467 696 1509 Talis
706 1472 812 1509 enim
825 1473 926 1509 Porta
937 1472 1084 1512 MARIA

303 1525 379 1571 est,
410 1525 474 1566 ubi
499 1524 612 1567 cessat
636 1542 755 1567 omne
792 1527 956 1584 litigium
975 1558 986 1574 ,
1020 1529 1085 1569 ubi

305 1583 409 1625 nulla
423 1583 555 1625 locum
577 1584 692 1625 habet
719 1587 901 1627 Numinis
922 1586 1085 1633 offensa,

305 1657 389 1696 quae
420 1642 512 1683 ficut
548 1641 661 1683 omni*
689 1657 894 1686 momento
930 1647 1088 1686 Divinae

302 1700 509 1754 Majestatis
527 1704 651 1741 amica
670 1700 741 1742 fuit
758 1701 1008 1745 dilefflffima:
1039 1703 1087 1743 fic

304 1764 344 1800 δε
360 1772 496 1799 omnes
510 1757 603 1799 alios
622 1784 634 1803 ,
664 1759 713 1799 ad
734 1759 768 1800 se
789 1759 1055 1817 confugientes
1075 1791 1086 1808 ‚

303 1819 450 1872 Superis
463 1817 588 1857 reddit
607 1821 761 1858 amicos.
807 1818 965 1860 Coelum
977 1834 1086 1860 nam-

301 1889 375 1929 que
387 1874 486 1918 Urbs
497 1874 550 1915 est
559 1905 568 1920 ,
601 1881 641 1917 &
651 1874 753 1916 sedes
774 1877 1084 1933 tranquillissima,

302 1933 365 1973 ubi
378 1932 574 1989 perpetua,
605 1933 802 1976 &illibata
822 1939 958 1978 vivitur
969 1951 1084 1992 pace,

302 1990 380 2045 quo
402 1991 499 2031 nihil
528 1994 643 2032 intrat
662 1991 832 2048 litigiosi,
863 2008 927 2035 aut
952 1997 1085 2039 DEO

301 2048 453 2090 offensi:
486 2064 620 2103 pacem
633 2065 724 2106 ergo
739 2051 883 2098 ferant,
915 2067 1083 2109 oportet,

300 2107 460 2162 quisunt
478 2106 680 2164 ingressuri.
721 2108 832 2150 istum
854 2114 967 2166 igitur
982 2116 1021 2151 in
1043 2112 1086 2152 fi-

300 2181 413 2212 nem,
445 2180 584 2206 aeterna
605 2167 696 2207 DEI
719 2170 930 2222 Sapientia,
958 2181 1086 2226 portam

300 2224 497 2264 constituit
526 2227 727 2280 Virginem
757 2227 1006 2267 Beatiffimam
1027 2243 1087 2269 to-

298 2296 378 2322 tam
390 2297 542 2338 puram,
574 2285 770 2329 Santram,
793 2285 1011 2340 pacificam,
1037 2286 1085 2326 ad

298 2356 414 2394 quam
463 2340 693 2381 subsistentes
724 2344 862 2383 animae
884 2373 894 2389 ,
927 2344 1083 2385 Coelum

298 2397 510 2455 ingressurae
532 2428 541 2444 ,
573 2398 677 2439 nulla
700 2398 825 2440 secum
853 2401 977 2443 ferant
1007 2402 1082 2443 liti-

297 2460 379 2512 gia,
411 2455 532 2497 nullas
579 2471 825 2511 peccatorum
871 2460 1039 2500 maculas
1070 2491 1079 2507 ,

298 2514 420 2555 nullas
447 2529 536 2554 cum
548 2517 686 2560 DEO,
719 2515 1080 2572 Divisqueinimiti-

297 2576 382 2618 tias,
415 2571 474 2613 vel
504 2572 528 2611 fi
560 2588 650 2627 quas
681 2573 869 2621 habeant,
902 2576 1079 2633 depolitis

297 2646 363 2686 per
374 2645 503 2671 veram
518 2634 783 2685 poenitentiam
803 2633 923 2690 culpis
934 2634 982 2674 ad
996 2650 1081 2690 por-

296 2703 375 2728 tam
393 2688 502 2728 istam
514 2688 699 2729 definiant
716 2719 728 2735 ,
758 2691 875 2747 jurgia
899 2707 1049 2748 ponant
1072 2724 1081 2739 ,

288 2762 331 2786 ac
343 2760 476 2801 pacem
502 2745 550 2786 ab
573 2746 919 2797 offensoNumine,
950 2766 1080 2792 amore

294 2807 461 2859 Virginis
476 2802 619 2860 semper
634 2806 799 2861 pacifica:
810 2837 819 2852 ,
850 2808 994 2864 semper
1006 2814 1078 2851 im-

350 2861 560 2907 maculatae,
584 2863 728 2919 semper
743 2869 898 2912 amicae,
919 2867 1019 2907 effla-

452 2923 601 2975 gitent,
630 2921 828 2978 secureqne
867 2925 937 2966 ob—

614 2993 772 3021 tineanr.

649 3097 670 3118 -ιι
716 3096 732 3114 xe

687 3132 703 3149 ῃ

743 91 840 153 De
860 87 1151 171 concepta
1168 93 1322 154 Sacra
1342 88 1593 171 Deiparass

1316 237 1351 286 §.
1375 242 1421 282 2,
1468 226 1762 280 Authoritas.

1144 345 1182 389 S.
1210 344 1366 387 Peter
1397 342 1666 386 DaMIanVs
1691 372 1704 394 ‚
1762 328 1924 383 &Labe
1950 339 2077 410 569,

1315 407 1486 456 leerae
1514 411 1777 470 protector.

1148 513 1172 536 1.
1205 495 1375 533 Germinat
1391 509 1462 548 ergo
1484 494 1579 549 'virga
1601 492 1682 550 Jeffi
1694 523 1705 540 ,
1733 493 1771 532 de
1792 492 1933 532 tortuosi?

1195 553 1320 608 generis
1339 551 1469 590 humani
1498 552 1624 594 radice,
1655 561 1693 594 ζα·
1721 551 1759 591 de
1781 552 1930 590 'Patriar-

1200 610 1330 649 charum
1350 608 1461 648 arbore
1482 610 1515 648 in
1535 609 1754 656 altitudinem,
1785 618 1823 652 ά·
1842 610 1933 649 retii-

1199 667 1338 707 tudinem
1377 679 1560 723 erumpens,
1587 684 1707 707 omnem
1725 669 1850 725 ignorat
1873 684 1932 707 no-

1196 737 1442 791 dofitatem,&c:
1474 724 1798 795 q—bldpnlchra
1809 763 1823 782 2
1855 740 1931 795 quia

1198 809 1384 863 Dezficata,
1420 817 1458 850 (5
1477 792 1666 846 macula
1687 816 1780 846 non
1806 798 1864 867 cst
1877 798 1928 848 in

1199 867 1269 917 ‘Ti'
1281 892 1291 926 3
1330 879 1405 933 quia
1416 877 1552 934 Spiritus
1562 879 1883 936 Sanffmfiiperwenit
1895 883 1929 921 in

1196 951 1238 976 te.
1298 939 1414 977 Serm.
1428 936 1476 975 de
1487 933 1670 992 Affumpt.

1141 1012 1170 1035 2.
1203 998 1281 1034 Caro
1294 996 1375 1034 enim
1386 996 1454 1049 ejus
1471 1009 1513 1033 ex
1528 993 1639 1032 Adam
1661 992 1834 1052 afflimpta,
1860 1012 1929 1037 ma-

1196 1053 1278 1092 culas
1288 1052 1372 1091 Adae
1384 1068 1445 1091 non
1455 1051 1588 1106 admisit.
1649 1053 1746 1093 Ibid.

1141 1127 1170 1162 3.
1197 1113 1240 1150 A
1250 1123 1378 1167 peccato
1387 1111 1486 1168 primi
1499 1111 1670 1154 Parentis,
1697 1111 1927 1168 tenebraefaffae

1184 1170 1264 1225 fient
1275 1169 1371 1225 stiper
1393 1168 1575 1223 universam
1602 1183 1742 1216 terram,
1772 1171 1863 1227 usque
1884 1170 1930 1212 ad

1195 1228 1429 1283 MARIAM
1454 1228 1632 1284 Virginem.
1665 1232 1782 1270 Serm.
1796 1231 1843 1270 de
1863 1230 1929 1272 As-

1192 1285 1326 1342 sumpt.

1135 1358 1174 1396 4.
1208 1349 1321 1383 Omnes
1333 1356 1480 1383 creatura
1489 1342 1604 1400 diffidio
1620 1345 1825 1385 voluntatum
1835 1362 1926 1403 mag-

1193 1418 1248 1442 nos
1259 1417 1362 1442 motus
1379 1403 1581 1442 concinerunt
1596 1417 1704 1442 contra
1724 1404 1760 1441 D
1770 1406 1807 1441 E
1815 1413 1845 1443 tl
1855 1408 1905 1444 ‘M
1915 1423 1923 1446 :

1191 1461 1266 1500 Sola
1285 1462 1389 1516 Virgo
1406 1461 1538 1500 innoxia
1542 1462 1666 1517 peccati
1680 1462 1815 1517 requiem
1827 1465 1927 1504 DEO

1192 1518 1278 1558 dedit
1289 1536 1299 1558 .·
1309 1519 1379 1573 fuit
1390 1518 1623 1559 reclinatorium
1636 1535 1782 1566 aureum,
1800 1520 1926 1576 stimmo

1194 1578 1278 1632 Regi
1298 1577 1510 1632 incorruptum
1526 1606 1538 1622 ,
1570 1578 1602 1615 in
1630 1593 1689 1634 quo
1713 1578 1816 1618 nullm
1834 1609 1845 1626 ,
1871 1580 1927 1633 mfi

1184 1635 1330 1690 fiammua
1341 1636 1472 1674 DELIS
1483 1634 1622 1689 consedit.
1684 1634 1778 1676 lbid.

1138 1708 1167 1746 5.
1193 1691 1293 1750 Qid,
1319 1708 1403 1748 roga,
1423 1693 1504 1747 ‘vitij
1529 1695 1563 1732 in
1583 1708 1705 1736 mente,
1732 1695 1788 1733 wel
1803 1707 1926 1752 corpore

1194 1753 1386 1806 MARJAE
1412 1749 1584 1792 vendicare
1593 1750 1657 1806 fibi
1663 1752 1770 1808 potuit
1793 1753 1892 1793 locum
1911 1782 1923 1800 ,

1191 1825 1256 1866 quae
1266 1808 1311 1849 ad
1323 1808 1419 1865 instar
1427 1808 1497 1849 Coeli
1504 1837 1515 1855 ‚
1539 1809 1747 1865 plenitudinis
1756 1811 1852 1852 totius
1863 1813 1928 1851 Di-

1190 1868 1339 1908 winitatu
1373 1867 1489 1906 meruit
1529 1867 1584 1923 esse
1630 1870 1815 1908 Sacrarium
1836 1871 1860 1909 ,Ρ
1889 1872 1924 1911 in

1191 1926 1301 1972 Christo
1317 1926 1397 1964 enim
1418 1924 1542 1965 habitat
1556 1928 1654 1966 omnio
1665 1926 1827 1983 plenitudo
1857 1930 1925 1968 Di-

1190 1984 1340 2024 vinitati's
1352 1983 1561 2041 corporaliter.
1595 1988 1712 2026 Serm.
1730 2000 1758 2037 3.
1776 1985 1823 2026 de
1841 1988 1923 2028 Na-

1191 2045 1256 2083 tiv.
1274 2044 1330 2083 M.

1136 2105 1167 2140 6.
1200 2101 1390 2155 Cumft’cerit
1410 2102 1540 2140 DEHS
1552 2101 1655 2140 omnia
1660 2099 1724 2156 sita
1738 2112 1830 2158 opera
1844 2104 1924 2142 ‘val-

1189 2158 1347 2204 debona,
1385 2158 1440 2197 hoc
1467 2159 1578 2199 melius
1600 2159 1679 2214 fecit
1705 2177 1713 2200 ε
1745 2159 1923 2216 consecrans

1184 2216 1248 2272 fibi
1272 2219 1304 2256 in
1335 2216 1372 2254 ed
1393 2217 1674 2256 reconciliatorium
1698 2234 1828 2257 aureum
1848 2248 1857 2264 ,
1888 2222 1922 2260 in

1191 2291 1249 2331 quo
1252 2274 1287 2330 se
1297 2275 1364 2331 post
1390 2275 1546 2314 tumultus
1566 2276 1782 2331 Angelorum,
1810 2285 1848 2319 ἀι·
1866 2278 1921 2317 ho-

1190 2335 1330 2378 minum,
1363 2334 1548 2376 inclinaret,
1580 2341 1618 2375 ὠ·
1639 2336 1776 2390 requiem
1793 2335 1918 2376 inveni..

1190 2407 1246 2431 ret.
1308 2393 1320 2430 I
1327 2391 1404 2431 bid.

1132 2465 1166 2502 7.
1198 2453 1285 2489 Bene
1297 2450 1356 2488 haec
1376 2449 1626 2505 incomparabili&
1648 2452 1688 2488 V
1690 2450 1774 2504 irgO,
1806 2452 1845 2489 V
1845 2452 1915 2507 irga

1189 2507 1325 2553 dicitur,
1356 2523 1419 2563 quae
1438 2519 1498 2564 per
1532 2508 1730 2545 intentionem
1751 2506 1912 2563 defidmj,

1180 2566 1300 2621 semper
1318 2565 1362 2604 ad
1373 2565 1510 2621 ficperna
1525 2566 1561 2618 ft
1578 2565 1709 2609 habuit,
1741 2581 1836 2622 neque
1853 2580 1913 2623 per

1187 2626 1353 2662 caecitatem
1369 2652 1372 2653 γ
1381 2623 1500 2679 peccati
1523 2652 1534 2668 ,
1579 2622 1708 2676 distortae
1737 2624 1915 2679 nodositatis

1186 2683 1303 2722 ‘vitium
1320 2679 1490 2738 aliquando
1501 2681 1639 2720 incurrit.
1686 2679 1781 2724 Ibid.

1371 2797 1408 2860 §.
1431 2804 1471 2862 3.
1507 2794 1683 2855 ‘Ratio

1129 2899 1229 2933 non
1261 2888 1425 2933 DeCet
1459 2885 1575 2932 errI
1607 2885 1876 2935 abbatlssaM
1898 2929 1911 2951 ,
1932 2896 2057 2952 570.

1278 2958 1374 3000 nIsI
1394 2955 1503 3003 haeC
1528 2960 1587 3002 sIt
1611 2961 1772 3020 Vlrgo.

1134 3038 1388 3143 OMnino
1408 3041 1684 3081 inconveniens
1708 3041 1761 3081 est
1775 3071 1786 3087 ,
1817 3054 1857 3081 ut
1875 3041 1917 3081 il-

1274 3096 1326 3141 la,
1359 3111 1441 3150 quae
1458 3101 1578 3154 Virgo
1590 3114 1670 3138 non
1693 3099 1732 3139 fit
1747 3129 1759 3144 ‚
1788 3103 1826 3137 in
1837 3101 1914 3138 Ab-

1129 3151 1299 3194 batiffim
1315 3153 1534 3196 affiimatur:
1568 3172 1598 3197 c.
1616 3157 1810 3211 jun-emulis.
1830 3171 1863 3210 q.
1883 3173 1908 3197 r,

1802 3230 1884 3254 imo
