2164 3413
0 240 1 280 ζ
57 254 202 274 cavan

3 3359 5 3367 χ
0 2543 8 3338 Α-’.νν--Ἧ-ἯΜ--ν--«-ἡ..--υ-Α-
1 2511 3 2519 ᾼ
0 2461 3 2475 .-

754 88 1075 169 Conceptus
1128 86 1423 148 LXXVIII.
1447 100 1450 102 ’

225 175 413 232 plantata,
445 178 493 218 de
531 176 608 233 qua
644 176 800 233 ipsemet
829 177 1007 223 testatur,

225 249 291 290 per
303 239 531 277 osleremiae.
590 238 662 291 Ego
690 251 796 275 autem
812 237 968 293 plantavi
979 249 1009 275 te

223 294 353 333 vineam
365 296 505 340 eleiilam.
532 294 614 334 haec
625 308 703 334 erat
715 294 779 334 illa
790 299 900 336 vinea
913 308 1010 334 nun-

224 366 341 405 quam
352 353 586 393 vindemiata
597 351 618 392 a
631 351 789 393 diabolo
800 382 810 398 ‚
841 354 943 406 cujus
957 355 1011 393 vi-

225 424 280 449 tes
302 410 468 451 millena‘.
489 414 615 467 gratiae
635 440 644 455 ‚
676 425 874 465 nunquam
889 409 1013 450 infeli-

228 467 265 508 ci
276 467 373 509 ferro
386 472 531 524 peccati
547 468 704 524 praeciste
719 484 726 507 :
757 468 843 509 vere
856 468 1014 524 ipsamet

231 529 318 567 vitis
341 526 480 572 electa,
508 528 643 583 jugiter
658 526 811 583 alligata
821 527 869 567 ad
886 525 1015 582 palum

234 586 545 640 Omnipotentiae
557 585 832 641 praelervantis,
869 587 921 625 ita
942 597 982 624 ut
994 583 1019 622 si

235 658 337 688 uvat,
370 659 501 683 recens
530 658 652 684 enatat
669 673 678 688 ,
720 642 933 699 symbolum
954 656 1020 697 ap-

234 700 393 756 plicatur
414 719 420 741 :
448 703 519 741 Vix
540 702 789 757 nataficstineor,
811 701 859 740 de
872 704 1021 741 MAR1A

235 759 311 798 dici
325 759 462 800 debeat
479 777 486 800 ε
511 761 591 799 Vix
603 772 745 815 concepta
746 759 906 814 ficstineor.
923 756 1021 798 adec‘)

234 820 418 858 nimirum
458 816 559 858 bases
598 816 860 874 primordiales
886 846 896 862 ,
943 830 1022 856 tam

235 876 576 931 praedestinationis
588 878 664 930 ejus
681 905 690 921 ,
724 874 842 930 quam
856 889 1024 929 concep-

235 937 371 980 tionis,
401 934 600 975 collocatae
616 934 768 974 fuerunt
798 933 846 974 ab
872 936 1023 973 auctore

236 996 364 1049 gratiae
384 995 424 1033 in
438 992 500 1035 illa
521 991 771 1036 fiiblimitate‚
801 1007 844 1032 ac
856 991 1025 1032 altitudi-

234 1066 284 1091 ne
297 1051 537 1107 perfechonis
549 1081 559 1097 ,
591 1066 669 1105 quo
683 1050 915 1105 reliquorum
931 1053 1024 1091 San-

236 1112 384 1150 ctorum
423 1109 544 1165 gloria
590 1124 788 1163 nunquam
838 1111 1023 1164 pervenit.

236 1169 378 1207 Dicere
398 1165 571 1223 profecto
586 1197 596 1213 ,
637 1167 684 1207 de
710 1167 769 1207 lua
791 1166 862 1206 hac
884 1166 997 1208 vinea
1012 1195 1022 1211 ‚

236 1239 385 1280 poterat
406 1225 581 1266 Coelestis
616 1225 784 1281 agricola
804 1242 811 1264 ·.
844 1224 934 1282 Qid
951 1225 990 1277 est
1012 1253 1022 1270 ‚

235 1283 319 1340 quod
331 1283 422 1322 debui
435 1284 520 1323 ulmi
530 1284 643 1339 facere
663 1285 764 1324 vinea:
785 1299 857 1322 meae
870 1312 879 1328 ,
912 1291 949 1326 &⁴
964 1299 1024 1321 non

226 1342 293 1396 feci
312 1343 339 1380 ei
351 1344 374 1380 ,Ρ
407 1342 539 1382 nonne
555 1342 673 1383 ditavi
699 1341 805 1382 illam
829 1355 887 1382 tot
910 1341 1022 1381 bonis

235 1403 406 1456 gratuitis
418 1430 426 1444 ‚
446 1416 487 1441 ac
499 1400 839 1456 lupernaturalibus
852 1427 862 1442 2
891 1414 930 1440 ut
943 1399 1027 1456 glo-

237 1458 339 1498 riolit
359 1461 435 1512 ejus
459 1462 596 1499 animae
623 1458 720 1499 nihil
754 1457 916 1498 defuerit
944 1457 1026 1514 pul-

235 1517 461 1557 chritudinis
476 1516 671 1573 spiritualis
690 1547 699 1562 ,
736 1520 888 1573 gratiae,
906 1520 1027 1558 &vir-

234 1588 359 1615 tutum
387 1575 634 1620 Coelestium,
663 1590 746 1629 quae
761 1578 917 1616 Divinae
928 1573 1027 1615 futu-

236 1648 285 1674 rae
324 1637 438 1674 Matri
468 1633 539 1673 esse
577 1646 755 1690 poterant
788 1636 1027 1674 convenien-

236 1704 318 1732 tes?
349 1690 483 1732 nonne
509 1692 669 1748 dignam
686 1691 836 1732 reddidi
852 1691 952 1732 hanc
972 1694 1026 1732 vi-

235 1766 351 1791 neam
393 1765 521 1790 meam
544 1779 553 1795 ,
587 1764 628 1790 ut
660 1750 869 1805 producere
906 1749 1026 1806 pollet

233 1808 507 1853 fiiaviffimam,
539 1814 579 1849 &
606 1810 795 1848 Divinam
848 1812 977 1849 Uvam
1011 1837 1021 1854 ‚

236 1867 374 1907 Filium
391 1882 530 1922 nempe
547 1868 588 1906 D
607 1868 634 1906 E
650 1868 687 1906 l?
719 1868 817 1906 Haec
841 1869 1026 1906 nimii-[im

236 1926 406 1981 iplissima
426 1924 479 1965 est
499 1928 550 1965 D.
564 1927 725 1976 Joannis
748 1924 864 1964 nostri
879 1927 1027 1965 Dama-

238 1986 337 2024 Iceni
351 1983 535 2024 sententia
546 2002 551 2022 :
588 1987 629 2022 V
627 1984 698 2022 inea
710 1982 869 2022 uberrima
884 1983 1027 2039 pullula-

236 2044 290 2082 ‘vit
317 2059 357 2080 ex
391 2041 512 2087 Anmi,
552 2055 647 2097 atque
678 2050 788 2081 Ll‘vam
809 2039 1027 2097 ficawffimam

229 2101 385 2158 protulit,
418 2112 523 2157 nempe
546 2100 713 2154 Christum,
739 2100 847 2139 neHar
881 2099 1026 2139 mortali-

235 2161 294 2198 bm
338 2157 526 2214 fimdentem
564 2188 575 2203 ,
625 2159 657 2196 in
707 2158 811 2197 ‘vitam
869 2173 1025 2197 aeternam.

234 2220 343 2258 HInc
360 2217 434 2261 est,
465 2217 569 2271 quod
597 2219 634 2255 in
655 2216 754 2256 lianc
768 2219 935 2258 Vineam
957 2231 1023 2256 ex-

232 2276 431 2316 celiissimae
445 2275 583 2315 fuerint
595 2274 745 2314 collatae
757 2274 1022 2330 perfectiones,

234 2350 279 2375 ac
306 2337 564 2390 praerogativae
587 2351 596 2378 3
639 2336 679 2372 in
695 2332 795 2372 hanc
809 2338 915 2373 enim
929 2348 1024 2373 con-

234 2393 425 2434 ferebatur
467 2391 488 2431 ἓι
514 2389 674 2432 Coelcsti
707 2390 875 2446 agricola
916 2406 1026 2432 amor

235 2451 509 2492 ardentiffimus
535 2449 852 2504 Seraphinorum,
883 2447 1027 2505 sapien-

236 2513 289 2550 tia
308 2508 594 2566 profundiiiima
608 2507 921 2548 Cherubinorum
932 2538 942 2553 ,
959 2507 1028 2548 sta-

238 2568 364 2609 bilitas
392 2567 595 2608 firmillima
640 2566 922 2610 Thronorum,
964 2581 1028 2607 au-

239 2623 402 2667 thoritas'
445 2625 674 2667 admiranda
714 2626 999 2679 Principatuum
1016 2653 1027 2670 ‚

239 2688 443 2740 imperium
488 2684 758 2739 ampliffimum
800 2684 1027 2723 Dominati-

237 2758 378 2788 onum,
409 2742 701 2782 eminentiffimsi
730 2740 886 2781 facultas
918 2743 1029 2781 Pote-

237 2801 375 2841 statum
386 2830 396 2846 ‚
425 2800 706 2856 stupendissiina
718 2798 891 2855 prodigia
901 2803 1030 2842 Virtu-

240 2874 322 2899 tum
348 2888 357 2903 ,
397 2857 588 2899 celfiffima
617 2859 784 2914 dignitas
807 2858 1032 2915 Archange-

239 2917 365 2958 lorum
381 2945 390 2961 ,
437 2920 624 2972 protectio
652 2916 929 2973 vigilantissima
948 2919 1027 2957 An-

238 2975 435 3033 gelorum,
468 2974 560 3014 fides
597 2974 769 3015 altissima
792 2975 1027 3016 Patriarcha-

240 3049 323 3074 rum
340 3063 350 3079 ,
382 3035 557 3088 cognitio
577 3032 799 3074 lucidissirna
819 3034 1028 3089 Propheta-

240 3107 350 3135 rum,
383 3091 558 3131 doctrina
581 3090 834 3132 sublimiffima
863 3091 1027 3148 Aposto-

243 3150 371 3192 lorum
384 3179 394 3195 ,
432 3148 648 3190 constantia
666 3151 902 3193 inviffiffima
923 3153 1028 3193 Mar-

64 1983 145 2011 Orat.
155 1992 178 2011 ι.

63 2025 95 2051 dc
108 2025 202 2053 Nativ.

1697 94 1804 161 267

1058 191 1206 233 tyrum,
1237 179 1443 220 tolerantia
1456 176 1714 235 perfeffiffima
1735 181 1845 220 Con-

1058 234 1235 276 fefforum
1261 266 1271 283 ‚
1312 242 1450 293 puritas
1492 240 1733 293 integerrima
1761 242 1847 279 Vir-

1061 297 1196 350 ginum
1218 324 1229 340 ‚
1283 294 1511 336 foecunditas
1556 295 1848 336 fortunatissiina

1060 353 1356 408 conjugatorum
1383 381 1394 399 ,
1450 356 1735 396 Sanstimonicu
1776 357 1849 395 vir-

1062 423 1181 455 tute3‚
1212 410 1316 452 dona
1353 414 1531 452 omnium
1571 410 1758 455 omnino,
1788 415 1854 465 qui

1063 467 1240 512 fuerunt,
1272 469 1378 515 sunt,
1416 483 1529 509 erunt
1547 499 1556 514 ,
1598 483 1661 509 aut
1687 468 1757 509 esse
1782 483 1850 524 po-

1069 540 1219 572 terunt,
1247 526 1347 568 bene
1360 531 1620 583 operantium,
1654 542 1698 567 ac
1719 529 1851 568 DEO

1070 583 1315 639 placentium.
1347 585 1439 640 quid
1451 600 1542 642 ergo
1555 585 1629 631 est,
1661 585 1766 639 quod
1787 585 1853 625 de-

1071 640 1203 682 buisset
1232 642 1329 683 ultra
1346 643 1469 684 facere
1488 647 1609 685 vineae
1633 644 1701 683 suae
1712 646 1855 684 Omni*

1072 712 1229 755 potens?
1260 701 1446 742 Miracula
1471 700 1622 742 fortasse
1649 706 1687 741 in
1709 704 1856 743 MARIA

1073 758 1332 799 demonstrata
1360 763 1542 814 quaeritis?
1573 763 1715 801 Scitote
1736 775 1828 816 ergo
1843 790 1854 806 ‚

1073 818 1206 855 omnia
1233 831 1300 862 ea,
1332 832 1416 871 quae
1438 832 1573 858 contra
1591 832 1732 858 naturae
1753 818 1858 858 ordi-

1074 889 1185 918 nem,
1218 880 1501 915 &communes
1518 875 1637 932 leges,
1668 875 1858 931 dispersim

1073 946 1248 988 operatus
1268 932 1322 973 est
1335 935 1551 978 Dominus,
1584 938 1622 973 in
1644 934 1758 973 unica
1769 937 1861 974 MA-

1073 1004 1153 1030 R1AE
1169 992 1441 1047 Conceptione
1471 994 1609 1031 unitim
1625 990 1647 1031 ἐι
1663 994 1778 1033 DEO
1799 1007 1864 1048 pa-

1073 1062 1168 1089 trata
1194 1053 1357 1104 reperiri.
1418 1052 1521 1089 Mira
1541 1079 1551 1095 ,
1590 1065 1672 1104 quae
1691 1053 1728 1088 in
1747 1054 1864 1091 veteri

1073 1107 1304 1148 testamento
1335 1121 1481 1163 patrare
1512 1106 1633 1149 voluit
1665 1111 1861 1164 Omnipo-

1074 1179 1182 1210 tenS,
1215 1170 1341 1221 paucis
1372 1169 1574 1222 pereipite:
1606 1168 1756 1207 Contra
1795 1182 1862 1206 co-

1074 1238 1234 1264 munem
1265 1223 1411 1280 legem,
1438 1224 1513 1278 qua
1543 1224 1674 1266 Solem
1717 1224 1864 1281 semper

1074 1297 1220 1322 currere
1258 1311 1268 1328 ,
1297 1289 1338 1324 ἐκ
1381 1286 1572 1323 continuo
1610 1282 1714 1324 volvi
1751 1297 1862 1324 motu

1075 1340 1257 1380 statutum
1268 1340 1339 1386 est,
1363 1340 1411 1381 ad
1433 1356 1571 1381 vocem
1584 1355 1716 1382 tamen
1728 1342 1860 1392 Josue,
1871 1368 1926 1406 Jos
1937 1380 1952 1400 c
1975 1381 2009 1403 m

1075 1398 1169 1438 stare
1192 1398 1335 1439 debuit.
1375 1413 1511 1440 contra
1532 1414 1674 1440 naturae
1700 1398 1827 1455 legem
1848 1430 1859 1446 ‚
1876 1394 1960 1449 v,1'3.'
2010 1394 2018 1402 ”

1077 1472 1154 1512 quo
1167 1460 1264 1513 ignis
1285 1456 1429 1513 semper
1453 1457 1646 1498 comburit
1662 1487 1672 1504 ‚
1708 1473 1791 1498 non
1806 1472 1861 1499 ta-

1077 1503 1381 1617 ιέηεοηὼυίῖῐῑ
1399 1530 1470 1556 tres
1486 1531 1622 1571 pueros
1642 1522 1682 1555 in
1709 1515 1863 1557 fornace
1875 1535 1946 1564 Dan.
1971 1546 1994 1564 c.
2006 1539 2032 1574 3,-

1076 1576 1105 1613 Β
1158 1573 1322 1629 γΙοηίαἳ.
1371 1588 1505 1615 contra
1532 1574 1660 1630 legem
1691 1588 1833 1615 naturae
1853 1586 1966 1618 ‚¹050-

1077 1646 1155 1685 quo
1186 1631 1287 1686 fluvij
1320 1648 1403 1673 non
1429 1632 1553 1679 stant,
1584 1633 1645 1673 sed
1670 1633 1862 1673 continuo

1076 1689 1200 1730 fluunt
1219 1720 1230 1736 ‚
1262 1691 1364 1731 stetit
1406 1705 1535 1731 tamen
1570 1690 1748 1743 Jordanis
1776 1720 1787 1738 ‚
1820 1697 1996 1741 utJos-c·4.

1076 1748 1245 1789 tranfiret
1262 1752 1369 1790 Arca.
1402 1764 1538 1790 contra
1566 1763 1763 1794 naturam,
1789 1749 1866 1804 qua
1877 1750 1904 1770 v.
1922 1752 1949 1776 ⁷·

1075 1806 1207 1847 leones
1228 1807 1313 1848 sunt
1335 1807 1502 1853 feroces,
1532 1813 1570 1849 &
1588 1823 1742 1848 voraces
1756 1837 1765 1853 ,
1796 1823 1861 1863 pe-

1075 1879 1278 1920 percerunt
1306 1879 1436 1906 tamen
1467 1866 1646 1911 Danieli,
1679 1872 1719 1907 ὃς
1749 1865 1863 1921 pluri-
1881 1885 2028 1916 Dan.c-6.

1077 1923 1144 1964 bus
1156 1923 1245 1977 alijs.
1305 1924 1420 1965 Addo
1432 1953 1443 1970 ‚
1464 1938 1638 1964 naturam
1654 1927 1803 1980 Viperae
1816 1924 1866 1964 es-
1883 1936 1961 1956 Νι·

1077 1980 1133 2027 se,
1164 1995 1204 2022 ut
1216 1981 1347 2028 feriat,
1380 1997 1511 2022 tamen
1527 2009 1538 2025 ‚
1568 1986 1608 2021 in
1631 1998 1736 2023 novo
1750 1986 1866 2023 etiam

1077 2039 1331 2086 testamento,
1364 2041 1516 2081 adhaefit
1538 2039 1601 2080 illa
1614 2044 1744 2080 manui
1773 2043 1866 2081 Pau-

1078 2097 1126 2144 li,
1145 2113 1216 2138 nec
1232 2112 1364 2138 tamen
1377 2098 1474 2139 laefit.
1508 2100 1626 2139 Nunc
1640 2100 1721 2139 haec
1734 2103 1868 2141 onmia

1076 2170 1219 2197 natura:
1240 2157 1435 2213 prodigia,
1466 2157 1571 2197 simul
1592 2157 1611 2197 a
1630 2160 1744 2199 DEO
1763 2157 1867 2198 fuiffe

1075 2229 1243 2271 patrata,
1275 2219 1315 2255 in
1341 2215 1532 2256 unicailla
1552 2220 1735 2271 Virgine,
1768 2231 1864 2270 quae,

1073 2288 1116 2314 ut
1143 2277 1194 2314 ait
1225 2272 1331 2314 Isaias
1352 2304 1363 2319 ,
1396 2275 1502 2314 Vinea
1519 2275 1614 2329 fabia
1645 2275 1683 2328 est
1721 2273 1832 2313 dileelo
1853 2305 1864 2320 ,

1074 2331 1175 2373 clare
1192 2331 1283 2372 licet
1297 2331 1526 2389 perspicere,
1561 2332 1734 2386 quamvis
1757 2340 1863 2373 enim

1076 2390 1160 2446 lege
1177 2392 1290 2437 DEI,
1327 2394 1367 2431 in
1387 2406 1544 2447 poenam
1558 2394 1725 2446 peccati,
1753 2390 1864 2432 statu·
1883 2412 1907 2433 c.
1924 2413 1949 2441 ς.
1967 2413 1993 2434 v.
2008 2413 2032 2433 1.

1077 2462 1161 2489 tum
1180 2448 1292 2489 fuerit
1309 2479 1318 2495 ‚
1350 2464 1392 2490 ut
1406 2449 1471 2491 Sol
1491 2449 1637 2504 justitiae
1668 2452 1707 2489 in
1729 2449 1867 2490 nullius

1078 2510 1338 2563 conceptione
1363 2507 1457 2549 stet:
1487 2522 1527 2548 ut
1538 2511 1738 2548 neminem
1756 2508 1866 2562 radijs

1080 2569 1208 2621 gratiae
1251 2565 1479 2607 illuminett
1511 2566 1613 2607 stetit
1661 2580 1794 2607 tamen
1825 2570 1865 2606 in

1077 2626 1351 2680 Conceptione
1377 2628 1556 2671 Miiuffi,
1587 2624 1687 2665 adeo
1712 2639 1753 2665 ut
1783 2624 1867 2665 nul-

1078 2681 1118 2722 lo
1143 2697 1349 2724 momento
1395 2684 1506 2724 fuerit
1535 2687 1575 2724 in
1597 2683 1754 2728 occasu,
1785 2683 1867 2724 imo

1078 2739 1236 2796 ipsamet
1265 2741 1396 2783 Solem
1441 2741 1512 2782 sese
1555 2741 1797 2782 clariffimum
1826 2745 1866 2782 in

1078 2801 1353 2855 Conceptione
1383 2800 1664 2841 monstraverit.
1694 2799 1867 2854 quamvls

1076 2860 1174 2914 ignis
1187 2862 1335 2914 peccati
1352 2857 1546 2915 originalis
1569 2859 1700 2898 adurat
1713 2873 1859 2898 omnes:

1077 2918 1246 2957 Matrem
1262 2918 1354 2957 DEI
1366 2932 1472 2957 urere
1485 2932 1567 2957 non
1577 2919 1712 2972 potuit.
1730 2931 1864 2970 quam-

1076 2973 1131 3016 vls
1151 2988 1352 3031 peccatum
1370 2976 1446 3015 hoc
1462 3004 1472 3021 ,
1498 2972 1615 3016 veluti
1643 2988 1789 3015 torrens
1811 2990 1866 3015 ra-

1076 3033 1208 3088 pidus,
1238 3037 1372 3072 omnia
1401 3032 1596 3074 involvat.-
1630 3032 1678 3073 ad
1707 3034 1865 3089 conspe-

1075 3093 1180 3131 ctum
1197 3103 1328 3131 tamen
1339 3094 1446 3132 Arcae
1457 3093 1640 3132 Mariana:
1653 3120 1662 3136 ,
1693 3090 1786 3132 stare
1801 3092 1866 3132 de-

1080 3148 1162 3189 buit
1189 3177 1198 3193 ,
1241 3163 1313 3189 nec
1354 3164 1441 3190 eam
1493 3149 1689 3192 involvere
1731 3153 1863 3205 potuit.

1143 3206 1201 3247 Ll
1232 3223 1250 3246 z
1720 3221 1854 3260 quam-

1884 2016 1945 2047 Ast.
1953 2025 1977 2045 c·
1986 2022 2029 2047 ις.
