<?xml version="1.0" encoding="UTF-8"?>
<!DOCTYPE html PUBLIC "-//W3C//DTD XHTML 1.0 Transitional//EN"
    "http://www.w3.org/TR/xhtml1/DTD/xhtml1-transitional.dtd">
<html xmlns="http://www.w3.org/1999/xhtml" xml:lang="en" lang="en">
 <head>
  <title>
</title>
<meta http-equiv="Content-Type" content="text/html;charset=utf-8" />
  <meta name='ocr-system' content='tesseract 3.04.00' />
  <meta name='ocr-capabilities' content='ocr_page ocr_carea ocr_par ocr_line ocrx_word'/>
</head>
<body>
  <div class='ocr_page' id='page_1' title='image "./conceptvschronog00zoll_0012.png"; bbox 0 0 2164 3413; ppageno 0'>
   <div class='ocr_carea' id='block_1_1' title="bbox 255 35 2101 213">
    <p class='ocr_par' dir='ltr' id='par_1_1' title="bbox 255 35 2101 213">
     <span class='ocr_line' id='line_1_1' title="bbox 848 35 1484 123; baseline -0.005 -20"><span class='ocrx_word' id='word_1_1' title='bbox 848 40 1087 123; x_wconf 81' lang='lat' dir='ltr'>Epistola</span> <span class='ocrx_word' id='word_1_2' title='bbox 1110 35 1484 101; x_wconf 88' lang='lat' dir='ltr'>Dedicatoria.</span> 
     </span>
     <span class='ocr_line' id='line_1_2' title="bbox 255 135 2101 213; baseline -0.005 -14"><span class='ocrx_word' id='word_1_3' title='bbox 255 152 309 200; x_wconf 83' lang='lat' dir='ltr'>fit</span> <span class='ocrx_word' id='word_1_4' title='bbox 336 145 563 202; x_wconf 82' lang='lat' dir='ltr'><em>Verbum,</em></span> <span class='ocrx_word' id='word_1_5' title='bbox 605 146 731 212; x_wconf 92' lang='lat' dir='ltr'>quod</span> <span class='ocrx_word' id='word_1_6' title='bbox 762 156 865 194; x_wconf 75' lang='lat' dir='ltr'>erat</span> <span class='ocrx_word' id='word_1_7' title='bbox 893 139 1025 213; x_wconf 77' lang='lat' dir='ltr'>apud</span> <span class='ocrx_word' id='word_1_8' title='bbox 1051 138 1172 191; x_wconf 84' lang='lat' dir='ltr'>DE</span> <span class='ocrx_word' id='word_1_9' title='bbox 1182 139 1332 189; x_wconf 77' lang='lat' dir='ltr'>vM</span> <span class='ocrx_word' id='word_1_10' title='bbox 1344 176 1358 199; x_wconf 88' lang='lat'><em>‚</em></span> <span class='ocrx_word' id='word_1_11' title='bbox 1399 137 1462 197; x_wconf 55' lang='grc' dir='ltr'>Εἴ</span> <span class='ocrx_word' id='word_1_12' title='bbox 1485 137 1544 187; x_wconf 91' lang='lat' dir='ltr'><em>D</em></span> <span class='ocrx_word' id='word_1_13' title='bbox 1561 137 1721 189; x_wconf 78' lang='lat' dir='ltr'>Evs</span> <span class='ocrx_word' id='word_1_14' title='bbox 1741 150 1844 189; x_wconf 78' lang='lat' dir='ltr'>erat</span> <span class='ocrx_word' id='word_1_15' title='bbox 1875 135 2101 204; x_wconf 61' lang='lat' dir='ltr'>Verbmm</span> 
     </span>
    </p>
   </div>
   <div class='ocr_carea' id='block_1_2' title="bbox 249 204 2098 979">
    <p class='ocr_par' dir='ltr' id='par_1_2' title="bbox 249 204 2098 979">
     <span class='ocr_line' id='line_1_3' title="bbox 255 204 2098 272; baseline -0.004 -3"><span class='ocrx_word' id='word_1_16' title='bbox 255 239 293 270; x_wconf 93' lang='lat' dir='ltr'>c.</span> <span class='ocrx_word' id='word_1_17' title='bbox 318 237 352 269; x_wconf 87' lang='lat' dir='ltr'>I.</span> <span class='ocrx_word' id='word_1_18' title='bbox 381 236 433 269; x_wconf 82' lang='lat' dir='ltr'>v.</span> <span class='ocrx_word' id='word_1_19' title='bbox 454 235 490 268; x_wconf 82' lang='lat' dir='ltr'>J.</span> <span class='ocrx_word' id='word_1_20' title='bbox 509 220 540 266; x_wconf 63' lang='grc' dir='ltr'>,Ρ</span> <span class='ocrx_word' id='word_1_21' title='bbox 572 216 745 267; x_wconf 78' lang='lat' dir='ltr'>Verum</span> <span class='ocrx_word' id='word_1_22' title='bbox 771 214 881 264; x_wconf 76' lang='lat' dir='ltr'>cum</span> <span class='ocrx_word' id='word_1_23' title='bbox 903 218 952 262; x_wconf 93' lang='lat' dir='ltr'>in</span> <span class='ocrx_word' id='word_1_24' title='bbox 976 228 1075 261; x_wconf 91' lang='lat' dir='ltr'>uno</span> <span class='ocrx_word' id='word_1_25' title='bbox 1091 212 1183 260; x_wconf 91' lang='lat' dir='ltr'>hoc</span> <span class='ocrx_word' id='word_1_26' title='bbox 1206 204 1347 262; x_wconf 81' lang='lat' dir='ltr'>Verbo</span> <span class='ocrx_word' id='word_1_27' title='bbox 1366 209 1690 272; x_wconf 81' lang='lat' dir='ltr'>Mysteriorum</span> <span class='ocrx_word' id='word_1_28' title='bbox 1720 211 1863 260; x_wconf 86' lang='lat' dir='ltr'>finem</span> <span class='ocrx_word' id='word_1_29' title='bbox 1888 215 2098 262; x_wconf 85' lang='lat' dir='ltr'>invenire</span> 
     </span>
     <span class='ocr_line' id='line_1_4' title="bbox 254 277 2098 353; baseline -0.004 -14"><span class='ocrx_word' id='word_1_30' title='bbox 254 286 608 353; x_wconf 67' lang='lat' dir='ltr'>haudquaquam</span> <span class='ocrx_word' id='word_1_31' title='bbox 632 286 770 351; x_wconf 81' lang='lat' dir='ltr'>poffet</span> <span class='ocrx_word' id='word_1_32' title='bbox 789 320 804 344; x_wconf 96' lang='lat'><em>‚</em></span> <span class='ocrx_word' id='word_1_33' title='bbox 847 284 1061 332; x_wconf 88' lang='lat' dir='ltr'>abstinuit</span> <span class='ocrx_word' id='word_1_34' title='bbox 1089 284 1319 329; x_wconf 89' lang='lat' dir='ltr'>calamum</span> <span class='ocrx_word' id='word_1_35' title='bbox 1338 315 1354 339; x_wconf 89' lang='lat'><em>,</em></span> <span class='ocrx_word' id='word_1_36' title='bbox 1397 277 1583 328; x_wconf 74' lang='lat' dir='ltr'>candide</span> <span class='ocrx_word' id='word_1_37' title='bbox 1610 281 1824 344; x_wconf 76' lang='lat' dir='ltr'>professus</span> <span class='ocrx_word' id='word_1_38' title='bbox 1846 317 1861 340; x_wconf 91' lang='lat'><em>‚</em></span> <span class='ocrx_word' id='word_1_39' title='bbox 1880 282 1930 350; x_wconf 44' lang='lat' dir='ltr'>‚fi</span> <span class='ocrx_word' id='word_1_40' title='bbox 1963 283 2098 332; x_wconf 84' lang='lat' dir='ltr'>Liber</span> 
     </span>
     <span class='ocr_line' id='line_1_5' title="bbox 255 347 2096 420; baseline -0.004 -11"><span class='ocrx_word' id='word_1_41' title='bbox 255 363 372 409; x_wconf 89' lang='lat' dir='ltr'>foret</span> <span class='ocrx_word' id='word_1_42' title='bbox 395 358 622 415; x_wconf 84' lang='lat' dir='ltr'>Mundus,</span> <span class='ocrx_word' id='word_1_43' title='bbox 650 372 805 420; x_wconf 84' lang='lat' dir='ltr'>capere</span> <span class='ocrx_word' id='word_1_44' title='bbox 824 358 1032 404; x_wconf 85' lang='lat' dir='ltr'>DEUM</span> <span class='ocrx_word' id='word_1_45' title='bbox 1054 367 1154 400; x_wconf 91' lang='lat' dir='ltr'>non</span> <span class='ocrx_word' id='word_1_46' title='bbox 1173 351 1314 413; x_wconf 89' lang='lat' dir='ltr'>posse,</span> <span class='ocrx_word' id='word_1_47' title='bbox 1349 365 1488 413; x_wconf 91' lang='lat' dir='ltr'>quem</span> <span class='ocrx_word' id='word_1_48' title='bbox 1511 364 1668 398; x_wconf 89' lang='lat' dir='ltr'>tamen</span> <span class='ocrx_word' id='word_1_49' title='bbox 1691 347 1771 399; x_wconf 76' lang='lat' dir='ltr'>Tu</span> <span class='ocrx_word' id='word_1_50' title='bbox 1804 354 1951 418; x_wconf 86' lang='lat' dir='ltr'>Virgo</span> <span class='ocrx_word' id='word_1_51' title='bbox 1979 369 2096 402; x_wconf 84' lang='lat' dir='ltr'>con-</span> 
     </span>
     <span class='ocr_line' id='line_1_6' title="bbox 254 415 2096 494; baseline -0.004 -15"><span class='ocrx_word' id='word_1_52' title='bbox 254 435 403 494; x_wconf 80' lang='lat' dir='ltr'>cipere</span> <span class='ocrx_word' id='word_1_53' title='bbox 425 424 719 477; x_wconf 78' lang='lat' dir='ltr'>immaculate</span> <span class='ocrx_word' id='word_1_54' title='bbox 740 439 960 487; x_wconf 86' lang='lat' dir='ltr'>concepta</span> <span class='ocrx_word' id='word_1_55' title='bbox 983 421 1198 470; x_wconf 88' lang='lat' dir='ltr'>meruisti.</span> <span class='ocrx_word' id='word_1_56' title='bbox 1290 424 1344 467; x_wconf 92' lang='lat' dir='ltr'>In</span> <span class='ocrx_word' id='word_1_57' title='bbox 1363 415 1463 467; x_wconf 75' lang='lat' dir='ltr'>‘Tm&#39;</span> <span class='ocrx_word' id='word_1_58' title='bbox 1488 418 1696 482; x_wconf 65' lang='lat' dir='ltr'>praeterea</span> <span class='ocrx_word' id='word_1_59' title='bbox 1718 421 2096 480; x_wconf 82' lang='lat' dir='ltr'>aestimationem,</span> 
     </span>
     <span class='ocr_line' id='line_1_7' title="bbox 253 485 2094 564; baseline -0.001 -20"><span class='ocrx_word' id='word_1_60' title='bbox 253 518 304 551; x_wconf 80' lang='lat' dir='ltr'>ac</span> <span class='ocrx_word' id='word_1_61' title='bbox 327 495 630 564; x_wconf 77' lang='lat' dir='ltr'>dignissimam</span> <span class='ocrx_word' id='word_1_62' title='bbox 650 492 785 544; x_wconf 82' lang='lat' dir='ltr'><em>Libri</em></span> <span class='ocrx_word' id='word_1_63' title='bbox 808 493 1061 546; x_wconf 90' lang='lat' dir='ltr'>Censuram</span> <span class='ocrx_word' id='word_1_64' title='bbox 1084 489 1334 553; x_wconf 80' lang='lat' dir='ltr'>Dionysius</span> <span class='ocrx_word' id='word_1_65' title='bbox 1356 485 1476 537; x_wconf 76' lang='lat' dir='ltr'>certe</span> <span class='ocrx_word' id='word_1_66' title='bbox 1500 489 1742 553; x_wconf 86' lang='lat' dir='ltr'>discipulus</span> <span class='ocrx_word' id='word_1_67' title='bbox 1763 507 1861 539; x_wconf 91' lang='lat' dir='ltr'>non</span> <span class='ocrx_word' id='word_1_68' title='bbox 1888 491 2094 543; x_wconf 74' lang='lat' dir='ltr'>multum</span> 
     </span>
     <span class='ocr_line' id='line_1_8' title="bbox 252 560 2096 638; baseline -0.005 -20"><span class='ocrx_word' id='word_1_69' title='bbox 252 568 367 620; x_wconf 74' lang='lat' dir='ltr'>infra</span> <span class='ocrx_word' id='word_1_70' title='bbox 387 573 614 638; x_wconf 75' lang='lat' dir='ltr'>joannem</span> <span class='ocrx_word' id='word_1_71' title='bbox 637 565 901 631; x_wconf 87' lang='lat' dir='ltr'>magistrum</span> <span class='ocrx_word' id='word_1_72' title='bbox 920 564 1035 619; x_wconf 86' lang='lat' dir='ltr'>fuit;</span> <span class='ocrx_word' id='word_1_73' title='bbox 1061 564 1141 611; x_wconf 81' lang='lat' dir='ltr'>vix</span> <span class='ocrx_word' id='word_1_74' title='bbox 1161 563 1288 609; x_wconf 90' lang='lat' dir='ltr'>enim</span> <span class='ocrx_word' id='word_1_75' title='bbox 1308 560 1469 607; x_wconf 90' lang='lat' dir='ltr'>oculus</span> <span class='ocrx_word' id='word_1_76' title='bbox 1488 563 1769 626; x_wconf 74' lang='lat' dir='ltr'>Areopagitae</span> <span class='ocrx_word' id='word_1_77' title='bbox 1795 561 1926 625; x_wconf 87' lang='lat' dir='ltr'>hujus</span> <span class='ocrx_word' id='word_1_78' title='bbox 1947 561 2096 626; x_wconf 74' lang='lat' dir='ltr'>inspe-</span> 
     </span>
     <span class='ocr_line' id='line_1_9' title="bbox 253 626 2094 702; baseline -0.004 -14"><span class='ocrx_word' id='word_1_79' title='bbox 253 656 380 690; x_wconf 79' lang='lat' dir='ltr'>xerat</span> <span class='ocrx_word' id='word_1_80' title='bbox 402 633 487 695; x_wconf 76' lang='lat' dir='ltr'>Te,</span> <span class='ocrx_word' id='word_1_81' title='bbox 506 639 779 702; x_wconf 80' lang='lat' dir='ltr'>virgineum</span> <span class='ocrx_word' id='word_1_82' title='bbox 801 637 1054 686; x_wconf 83' lang='lat' dir='ltr'>volumen,</span> <span class='ocrx_word' id='word_1_83' title='bbox 1078 639 1125 680; x_wconf 91' lang='lat'>&amp;</span> <span class='ocrx_word' id='word_1_84' title='bbox 1145 634 1290 694; x_wconf 82' lang='lat' dir='ltr'>impar</span> <span class='ocrx_word' id='word_1_85' title='bbox 1307 627 1396 686; x_wconf 89' lang='lat' dir='ltr'>sui,</span> <span class='ocrx_word' id='word_1_86' title='bbox 1427 626 1534 677; x_wconf 74' lang='lat' dir='ltr'>cum</span> <span class='ocrx_word' id='word_1_87' title='bbox 1553 645 1786 689; x_wconf 86' lang='lat' dir='ltr'>cerneret,</span> <span class='ocrx_word' id='word_1_88' title='bbox 1821 631 2094 681; x_wconf 72' lang='lat' dir='ltr'>charaeteres</span> 
     </span>
     <span class='ocr_line' id='line_1_10' title="bbox 252 698 2094 771; baseline -0.005 -12"><span class='ocrx_word' id='word_1_89' title='bbox 252 710 336 759; x_wconf 79' lang='lat' dir='ltr'>effe</span> <span class='ocrx_word' id='word_1_90' title='bbox 360 710 579 760; x_wconf 87' lang='lat' dir='ltr'>Divinos,</span> <span class='ocrx_word' id='word_1_91' title='bbox 616 702 730 769; x_wconf 77' lang='lat' dir='ltr'>pene</span> <span class='ocrx_word' id='word_1_92' title='bbox 754 704 921 771; x_wconf 86' lang='lat' dir='ltr'>legiffet</span> <span class='ocrx_word' id='word_1_93' title='bbox 942 709 1116 759; x_wconf 77' lang='lat' dir='ltr'>DEuM‚</span> <span class='ocrx_word' id='word_1_94' title='bbox 1138 700 1221 749; x_wconf 80' lang='lat' dir='ltr'>nisi</span> <span class='ocrx_word' id='word_1_95' title='bbox 1243 698 1512 762; x_wconf 88' lang='lat' dir='ltr'>conspicilio</span> <span class='ocrx_word' id='word_1_96' title='bbox 1535 700 1656 748; x_wconf 84' lang='lat' dir='ltr'>Fidei</span> <span class='ocrx_word' id='word_1_97' title='bbox 1679 702 1877 765; x_wconf 89' lang='lat' dir='ltr'>adjutus,</span> <span class='ocrx_word' id='word_1_98' title='bbox 1915 717 2094 767; x_wconf 83' lang='lat' dir='ltr'>cogno-</span> 
     </span>
     <span class='ocr_line' id='line_1_11' title="bbox 253 767 2091 837; baseline -0.003 -9"><span class='ocrx_word' id='word_1_99' title='bbox 253 780 404 837; x_wconf 69' lang='lat' dir='ltr'>viss‘et,</span> <span class='ocrx_word' id='word_1_100' title='bbox 442 776 523 824; x_wconf 84' lang='lat' dir='ltr'>effe</span> <span class='ocrx_word' id='word_1_101' title='bbox 558 781 741 824; x_wconf 81' lang='lat' dir='ltr'>DEuM</span> <span class='ocrx_word' id='word_1_102' title='bbox 767 774 1030 823; x_wconf 89' lang='lat' dir='ltr'>Authorem</span> <span class='ocrx_word' id='word_1_103' title='bbox 1058 770 1188 836; x_wconf 88' lang='lat' dir='ltr'>hujus</span> <span class='ocrx_word' id='word_1_104' title='bbox 1213 769 1372 828; x_wconf 87' lang='lat' dir='ltr'>Libri,</span> <span class='ocrx_word' id='word_1_105' title='bbox 1402 767 1658 818; x_wconf 85' lang='lat' dir='ltr'>Censorem</span> <span class='ocrx_word' id='word_1_106' title='bbox 1677 803 1693 829; x_wconf 88' lang='lat'><strong><em>,</em></strong></span> <span class='ocrx_word' id='word_1_107' title='bbox 1745 778 1792 819; x_wconf 86' lang='lat'>&amp;</span> <span class='ocrx_word' id='word_1_108' title='bbox 1818 775 2091 823; x_wconf 86' lang='lat' dir='ltr'>Patronum.</span> 
     </span>
     <span class='ocr_line' id='line_1_12' title="bbox 251 833 2091 911; baseline -0.006 -11"><span class='ocrx_word' id='word_1_109' title='bbox 251 849 433 906; x_wconf 87' lang='lat' dir='ltr'>Verbo,</span> <span class='ocrx_word' id='word_1_110' title='bbox 456 847 596 911; x_wconf 89' lang='lat' dir='ltr'>qualis</span> <span class='ocrx_word' id='word_1_111' title='bbox 623 848 803 895; x_wconf 89' lang='lat' dir='ltr'>futurus</span> <span class='ocrx_word' id='word_1_112' title='bbox 823 845 924 893; x_wconf 84' lang='lat' dir='ltr'>effes</span> <span class='ocrx_word' id='word_1_113' title='bbox 944 841 1103 892; x_wconf 87' lang='lat' dir='ltr'>Liber?</span> <span class='ocrx_word' id='word_1_114' title='bbox 1126 833 1401 907; x_wconf 69' lang='lat' dir='ltr'>Beatiffi&#39;ma</span> <span class='ocrx_word' id='word_1_115' title='bbox 1419 836 1677 887; x_wconf 72' lang='lat' dir='ltr'>Beatoriim</span> <span class='ocrx_word' id='word_1_116' title='bbox 1702 835 1970 890; x_wconf 75' lang='lat' dir='ltr'><em>Parentum</em></span> <span class='ocrx_word' id='word_1_117' title='bbox 1980 853 2091 910; x_wconf 85' lang='lat' dir='ltr'>pro..</span> 
     </span>
     <span class='ocr_line' id='line_1_13' title="bbox 249 905 2093 979; baseline -0.006 -10"><span class='ocrx_word' id='word_1_118' title='bbox 249 916 341 970; x_wconf 82' lang='lat' dir='ltr'>les!</span> <span class='ocrx_word' id='word_1_119' title='bbox 375 918 490 966; x_wconf 90' lang='lat' dir='ltr'>dum</span> <span class='ocrx_word' id='word_1_120' title='bbox 510 918 886 979; x_wconf 87' lang='lat' dir='ltr'>concipereris‚ac</span> <span class='ocrx_word' id='word_1_121' title='bbox 912 908 1158 976; x_wconf 75' lang='lat' dir='ltr'>antequam</span> <span class='ocrx_word' id='word_1_122' title='bbox 1179 908 1306 967; x_wconf 83' lang='lat' dir='ltr'>effes,</span> <span class='ocrx_word' id='word_1_123' title='bbox 1332 909 1468 972; x_wconf 89' lang='lat' dir='ltr'>ijdem</span> <span class='ocrx_word' id='word_1_124' title='bbox 1486 909 1625 957; x_wconf 88' lang='lat' dir='ltr'>etiam</span> <span class='ocrx_word' id='word_1_125' title='bbox 1650 914 1861 959; x_wconf 85' lang='lat' dir='ltr'>Parentes</span> <span class='ocrx_word' id='word_1_126' title='bbox 1885 905 1985 962; x_wconf 73' lang='lat' dir='ltr'>Tm</span> <span class='ocrx_word' id='word_1_127' title='bbox 2008 913 2093 962; x_wconf 89' lang='lat' dir='ltr'>do..</span> 
     </span>
    </p>
   </div>
   <div class='ocr_carea' id='block_1_3' title="bbox 250 976 1981 1056">
    <p class='ocr_par' dir='ltr' id='par_1_3' title="bbox 250 976 1981 1056">
     <span class='ocr_line' id='line_1_14' title="bbox 250 976 1981 1056; baseline -0.004 -18"><span class='ocrx_word' id='word_1_128' title='bbox 250 1002 470 1046; x_wconf 78' lang='lat' dir='ltr'>cuerunt,</span> <span class='ocrx_word' id='word_1_129' title='bbox 506 985 714 1056; x_wconf 87' lang='lat' dir='ltr'>Joachim</span> <span class='ocrx_word' id='word_1_130' title='bbox 736 980 1134 1053; x_wconf 72' lang='lat' dir='ltr'>Praeparationem</span> <span class='ocrx_word' id='word_1_131' title='bbox 1157 976 1379 1034; x_wconf 77' lang='lat' dir='ltr'>Domini,</span> <span class='ocrx_word' id='word_1_132' title='bbox 1404 984 1544 1030; x_wconf 86' lang='lat' dir='ltr'>Anna</span> <span class='ocrx_word' id='word_1_133' title='bbox 1566 977 1794 1029; x_wconf 71' lang='lat' dir='ltr'>Gratiam</span> <span class='ocrx_word' id='word_1_134' title='bbox 1811 982 1981 1031; x_wconf 88' lang='lat' dir='ltr'>locuta.</span> 
     </span>
    </p>
   </div>
   <div class='ocr_carea' id='block_1_4' title="bbox 229 1113 2091 2726">
    <p class='ocr_par' dir='ltr' id='par_1_4' title="bbox 229 1113 2091 2726">
     <span class='ocr_line' id='line_1_15' title="bbox 349 1113 2091 1192; baseline -0.002 -16"><span class='ocrx_word' id='word_1_135' title='bbox 349 1134 467 1192; x_wconf 83' lang='lat' dir='ltr'>Qae</span> <span class='ocrx_word' id='word_1_136' title='bbox 490 1128 650 1175; x_wconf 89' lang='lat' dir='ltr'>omnia</span> <span class='ocrx_word' id='word_1_137' title='bbox 671 1121 781 1175; x_wconf 71' lang='lat' dir='ltr'>cum</span> <span class='ocrx_word' id='word_1_138' title='bbox 797 1127 858 1173; x_wconf 89' lang='lat' dir='ltr'>ita</span> <span class='ocrx_word' id='word_1_139' title='bbox 874 1122 987 1183; x_wconf 88' lang='lat' dir='ltr'>fint‚</span> <span class='ocrx_word' id='word_1_140' title='bbox 1027 1123 1212 1190; x_wconf 89' lang='lat' dir='ltr'>dignare</span> <span class='ocrx_word' id='word_1_141' title='bbox 1233 1136 1309 1171; x_wconf 88' lang='lat' dir='ltr'>me</span> <span class='ocrx_word' id='word_1_142' title='bbox 1327 1134 1512 1186; x_wconf 91' lang='lat' dir='ltr'>quoque</span> <span class='ocrx_word' id='word_1_143' title='bbox 1537 1119 1716 1171; x_wconf 87' lang='lat' dir='ltr'>laudare</span> <span class='ocrx_word' id='word_1_144' title='bbox 1737 1113 1806 1171; x_wconf 71' lang='lat' dir='ltr'>‘Ti’</span> <span class='ocrx_word' id='word_1_145' title='bbox 1832 1114 1980 1192; x_wconf 75' lang='lat' dir='ltr'>Virgo</span> <span class='ocrx_word' id='word_1_146' title='bbox 1985 1113 2091 1192; x_wconf 77' lang='lat' dir='ltr'>stne</span> 
     </span>
     <span class='ocr_line' id='line_1_16' title="bbox 249 1187 2089 1264; baseline -0.003 -17"><span class='ocrx_word' id='word_1_147' title='bbox 249 1192 378 1247; x_wconf 77' lang='lat' dir='ltr'>labe!</span> <span class='ocrx_word' id='word_1_148' title='bbox 400 1214 478 1260; x_wconf 87' lang='lat' dir='ltr'>per</span> <span class='ocrx_word' id='word_1_149' title='bbox 504 1196 784 1264; x_wconf 77' lang='lat' dir='ltr'>Conceptum</span> <span class='ocrx_word' id='word_1_150' title='bbox 810 1194 937 1244; x_wconf 91' lang='lat' dir='ltr'>hunc</span> <span class='ocrx_word' id='word_1_151' title='bbox 968 1187 1425 1262; x_wconf 67' lang='lat' dir='ltr'>Chronograplaicum</span> <span class='ocrx_word' id='word_1_152' title='bbox 1442 1226 1457 1249; x_wconf 94' lang='lat'>,</span> <span class='ocrx_word' id='word_1_153' title='bbox 1499 1192 1739 1240; x_wconf 82' lang='lat' dir='ltr'>occasione</span> <span class='ocrx_word' id='word_1_154' title='bbox 1771 1194 1925 1241; x_wconf 80' lang='lat' dir='ltr'>Saeculi</span> <span class='ocrx_word' id='word_1_155' title='bbox 1948 1193 2089 1242; x_wconf 86' lang='lat' dir='ltr'>nostri</span> 
     </span>
     <span class='ocr_line' id='line_1_17' title="bbox 249 1260 2089 1330; baseline -0.004 -15"><span class='ocrx_word' id='word_1_156' title='bbox 249 1267 427 1330; x_wconf 87' lang='lat' dir='ltr'>septimi</span> <span class='ocrx_word' id='word_1_157' title='bbox 445 1267 695 1317; x_wconf 86' lang='lat' dir='ltr'>udalricani</span> <span class='ocrx_word' id='word_1_158' title='bbox 721 1264 1056 1328; x_wconf 80' lang='lat' dir='ltr'>compositum,</span> <span class='ocrx_word' id='word_1_159' title='bbox 1091 1279 1142 1312; x_wconf 91' lang='lat' dir='ltr'>ac</span> <span class='ocrx_word' id='word_1_160' title='bbox 1160 1262 1454 1327; x_wconf 83' lang='lat' dir='ltr'>septingentis</span> <span class='ocrx_word' id='word_1_161' title='bbox 1477 1260 1897 1326; x_wconf 86' lang='lat' dir='ltr'>Chronographicis</span> <span class='ocrx_word' id='word_1_162' title='bbox 1925 1263 1973 1310; x_wconf 86' lang='lat' dir='ltr'>in</span> <span class='ocrx_word' id='word_1_163' title='bbox 1992 1265 2089 1313; x_wconf 90' lang='lat' dir='ltr'>lau..</span> 
     </span>
     <span class='ocr_line' id='line_1_18' title="bbox 249 1330 2088 1395; baseline -0.002 -10"><span class='ocrx_word' id='word_1_164' title='bbox 249 1338 324 1386; x_wconf 91' lang='lat' dir='ltr'>des</span> <span class='ocrx_word' id='word_1_165' title='bbox 344 1331 480 1385; x_wconf 73' lang='lat' dir='ltr'>Tuas</span> <span class='ocrx_word' id='word_1_166' title='bbox 501 1337 797 1384; x_wconf 57' lang='lat' dir='ltr'>instructum:</span> <span class='ocrx_word' id='word_1_167' title='bbox 834 1335 887 1383; x_wconf 89' lang='lat' dir='ltr'>ad</span> <span class='ocrx_word' id='word_1_168' title='bbox 912 1334 1237 1382; x_wconf 89' lang='lat' dir='ltr'>confundenda</span> <span class='ocrx_word' id='word_1_169' title='bbox 1264 1330 1490 1379; x_wconf 80' lang='lat' dir='ltr'>nimirum</span> <span class='ocrx_word' id='word_1_170' title='bbox 1504 1365 1520 1390; x_wconf 89' lang='lat'><em>,</em></span> <span class='ocrx_word' id='word_1_171' title='bbox 1554 1347 1614 1379; x_wconf 84' lang='lat' dir='ltr'>ex</span> <span class='ocrx_word' id='word_1_172' title='bbox 1642 1331 1813 1395; x_wconf 81' lang='lat' dir='ltr'>septem</span> <span class='ocrx_word' id='word_1_173' title='bbox 1834 1331 2088 1395; x_wconf 81' lang='lat' dir='ltr'>Capitibus,</span> 
     </span>
     <span class='ocr_line' id='line_1_19' title="bbox 229 1397 2088 1477; baseline -0.002 -23"><span class='ocrx_word' id='word_1_174' title='bbox 229 1404 408 1477; x_wconf 78' lang='lat' dir='ltr'>ſsptem</span> <span class='ocrx_word' id='word_1_175' title='bbox 431 1407 506 1454; x_wconf 89' lang='lat' dir='ltr'>illa</span> <span class='ocrx_word' id='word_1_176' title='bbox 528 1409 666 1468; x_wconf 90' lang='lat' dir='ltr'>impia</span> <span class='ocrx_word' id='word_1_177' title='bbox 686 1401 926 1453; x_wconf 76' lang='lat' dir='ltr'>Draconis</span> <span class='ocrx_word' id='word_1_178' title='bbox 945 1401 1135 1473; x_wconf 75' lang='lat' dir='ltr'>magni,</span> <span class='ocrx_word' id='word_1_179' title='bbox 1171 1397 1289 1471; x_wconf 77' lang='lat' dir='ltr'>rufi,</span> <span class='ocrx_word' id='word_1_180' title='bbox 1321 1399 1500 1468; x_wconf 77' lang='lat' dir='ltr'>capita,</span> <span class='ocrx_word' id='word_1_181' title='bbox 1534 1406 1683 1465; x_wconf 88' lang='lat' dir='ltr'>Apoc.</span> <span class='ocrx_word' id='word_1_182' title='bbox 1709 1418 1747 1449; x_wconf 90' lang='lat' dir='ltr'>c.</span> <span class='ocrx_word' id='word_1_183' title='bbox 1772 1414 1841 1450; x_wconf 84' lang='lat'>12.</span> <span class='ocrx_word' id='word_1_184' title='bbox 1863 1416 1906 1451; x_wconf 88' lang='lat' dir='ltr'>v.</span> <span class='ocrx_word' id='word_1_185' title='bbox 1936 1418 1969 1460; x_wconf 86' lang='lat'>3.</span> <span class='ocrx_word' id='word_1_186' title='bbox 1993 1403 2088 1451; x_wconf 77' lang='lat' dir='ltr'>ori-</span> 
     </span>
     <span class='ocr_line' id='line_1_20' title="bbox 247 1469 2087 1542; baseline -0.003 -19"><span class='ocrx_word' id='word_1_187' title='bbox 247 1479 428 1542; x_wconf 80' lang='lat' dir='ltr'>ginariae</span> <span class='ocrx_word' id='word_1_188' title='bbox 449 1477 734 1523; x_wconf 89' lang='lat' dir='ltr'>immunitati</span> <span class='ocrx_word' id='word_1_189' title='bbox 757 1469 864 1523; x_wconf 69' lang='lat' dir='ltr'>Tua</span> <span class='ocrx_word' id='word_1_190' title='bbox 897 1476 1138 1521; x_wconf 87' lang='lat' dir='ltr'>temerario</span> <span class='ocrx_word' id='word_1_191' title='bbox 1160 1471 1268 1520; x_wconf 88' lang='lat' dir='ltr'>ausu</span> <span class='ocrx_word' id='word_1_192' title='bbox 1288 1471 1555 1519; x_wconf 85' lang='lat' dir='ltr'>insidiantia.</span> <span class='ocrx_word' id='word_1_193' title='bbox 1638 1469 1862 1540; x_wconf 72' lang='lat' dir='ltr'>Dignare</span> <span class='ocrx_word' id='word_1_194' title='bbox 1883 1484 1983 1526; x_wconf 81' lang='lat' dir='ltr'>me,</span> <span class='ocrx_word' id='word_1_195' title='bbox 2017 1473 2087 1521; x_wconf 88' lang='lat' dir='ltr'>in..</span> 
     </span>
     <span class='ocr_line' id='line_1_21' title="bbox 244 1537 2089 1611; baseline -0.002 -17"><span class='ocrx_word' id='word_1_196' title='bbox 244 1562 413 1611; x_wconf 84' lang='lat' dir='ltr'>quam,</span> <span class='ocrx_word' id='word_1_197' title='bbox 450 1540 647 1593; x_wconf 76' lang='lat' dir='ltr'>laudare</span> <span class='ocrx_word' id='word_1_198' title='bbox 676 1545 744 1592; x_wconf 79' lang='lat' dir='ltr'>TE</span> <span class='ocrx_word' id='word_1_199' title='bbox 762 1578 776 1601; x_wconf 92' lang='lat'><em>,</em></span> <span class='ocrx_word' id='word_1_200' title='bbox 812 1546 890 1607; x_wconf 89' lang='lat' dir='ltr'>qui</span> <span class='ocrx_word' id='word_1_201' title='bbox 911 1559 1010 1591; x_wconf 89' lang='lat' dir='ltr'>non</span> <span class='ocrx_word' id='word_1_202' title='bbox 1035 1541 1328 1606; x_wconf 88' lang='lat' dir='ltr'>septingentis</span> <span class='ocrx_word' id='word_1_203' title='bbox 1357 1539 1569 1598; x_wconf 73' lang='lat' dir='ltr'>tantum,</span> <span class='ocrx_word' id='word_1_204' title='bbox 1604 1538 1677 1588; x_wconf 88' lang='lat' dir='ltr'>sed</span> <span class='ocrx_word' id='word_1_205' title='bbox 1703 1537 1868 1589; x_wconf 77' lang='lat' dir='ltr'>millies</span> <span class='ocrx_word' id='word_1_206' title='bbox 1889 1545 2089 1592; x_wconf 79' lang='lat' dir='ltr'>millenis</span> 
     </span>
     <span class='ocr_line' id='line_1_22' title="bbox 243 1607 2087 1678; baseline -0.003 -12"><span class='ocrx_word' id='word_1_207' title='bbox 243 1620 459 1667; x_wconf 78' lang='lat' dir='ltr'>Maternae</span> <span class='ocrx_word' id='word_1_208' title='bbox 481 1611 680 1678; x_wconf 72' lang='lat' dir='ltr'>pictatia</span> <span class='ocrx_word' id='word_1_209' title='bbox 703 1610 773 1662; x_wconf 80' lang='lat' dir='ltr'>Te</span> <span class='ocrx_word' id='word_1_210' title='bbox 792 1613 909 1660; x_wconf 89' lang='lat' dir='ltr'>mihi</span> <span class='ocrx_word' id='word_1_211' title='bbox 929 1611 1141 1675; x_wconf 79' lang='lat' dir='ltr'>impensae</span> <span class='ocrx_word' id='word_1_212' title='bbox 1164 1613 1328 1670; x_wconf 84' lang='lat' dir='ltr'>titulis,</span> <span class='ocrx_word' id='word_1_213' title='bbox 1349 1607 1733 1659; x_wconf 75' lang='lat' dir='ltr'>obstriCtiffimum</span> <span class='ocrx_word' id='word_1_214' title='bbox 1753 1627 1828 1659; x_wconf 90' lang='lat' dir='ltr'>me</span> <span class='ocrx_word' id='word_1_215' title='bbox 1850 1613 2087 1661; x_wconf 82' lang='lat' dir='ltr'>Clientem</span> 
     </span>
     <span class='ocr_line' id='line_1_23' title="bbox 241 1678 2088 1750; baseline -0.002 -17"><span class='ocrx_word' id='word_1_216' title='bbox 241 1687 481 1750; x_wconf 76' lang='lat' dir='ltr'>profiteor3</span> <span class='ocrx_word' id='word_1_217' title='bbox 515 1682 740 1747; x_wconf 78' lang='lat' dir='ltr'>Qamvis</span> <span class='ocrx_word' id='word_1_218' title='bbox 764 1687 892 1730; x_wconf 89' lang='lat' dir='ltr'>enim</span> <span class='ocrx_word' id='word_1_219' title='bbox 913 1682 1032 1730; x_wconf 91' lang='lat' dir='ltr'>haud</span> <span class='ocrx_word' id='word_1_220' title='bbox 1060 1685 1274 1747; x_wconf 87' lang='lat' dir='ltr'>ignorem</span> <span class='ocrx_word' id='word_1_221' title='bbox 1292 1715 1308 1740; x_wconf 94' lang='lat'><em>,</em></span> <span class='ocrx_word' id='word_1_222' title='bbox 1344 1682 1478 1729; x_wconf 91' lang='lat' dir='ltr'>nullo</span> <span class='ocrx_word' id='word_1_223' title='bbox 1500 1679 1752 1729; x_wconf 87' lang='lat' dir='ltr'>verborum</span> <span class='ocrx_word' id='word_1_224' title='bbox 1773 1685 1993 1730; x_wconf 87' lang='lat' dir='ltr'>encomio</span> <span class='ocrx_word' id='word_1_225' title='bbox 2016 1678 2088 1731; x_wconf 77' lang='lat' dir='ltr'>Te</span> 
     </span>
     <span class='ocr_line' id='line_1_24' title="bbox 243 1749 2086 1813; baseline -0.004 -9"><span class='ocrx_word' id='word_1_226' title='bbox 243 1755 550 1804; x_wconf 81' lang='lat' dir='ltr'>condecenter</span> <span class='ocrx_word' id='word_1_227' title='bbox 568 1758 617 1800; x_wconf 87' lang='lat' dir='ltr'>in</span> <span class='ocrx_word' id='word_1_228' title='bbox 637 1753 727 1801; x_wconf 90' lang='lat' dir='ltr'>hoc</span> <span class='ocrx_word' id='word_1_229' title='bbox 747 1749 936 1813; x_wconf 76' lang='lat' dir='ltr'>Operea</span> <span class='ocrx_word' id='word_1_230' title='bbox 955 1767 1030 1801; x_wconf 89' lang='lat' dir='ltr'>me</span> <span class='ocrx_word' id='word_1_231' title='bbox 1054 1750 1356 1808; x_wconf 80' lang='lat' dir='ltr'>laudandam,</span> <span class='ocrx_word' id='word_1_232' title='bbox 1383 1766 1433 1798; x_wconf 87' lang='lat' dir='ltr'>ac</span> <span class='ocrx_word' id='word_1_233' title='bbox 1460 1749 1790 1808; x_wconf 89' lang='lat' dir='ltr'>illustrandam,</span> <span class='ocrx_word' id='word_1_234' title='bbox 1815 1750 1993 1799; x_wconf 79' lang='lat' dir='ltr'>tametsi</span> <span class='ocrx_word' id='word_1_235' title='bbox 2015 1767 2086 1800; x_wconf 77' lang='lat' dir='ltr'>to.</span> 
     </span>
     <span class='ocr_line' id='line_1_25' title="bbox 243 1821 2086 1884; baseline -0.002 -11"><span class='ocrx_word' id='word_1_236' title='bbox 243 1827 387 1874; x_wconf 88' lang='lat' dir='ltr'>tidem</span> <span class='ocrx_word' id='word_1_237' title='bbox 416 1841 520 1872; x_wconf 90' lang='lat' dir='ltr'>tum</span> <span class='ocrx_word' id='word_1_238' title='bbox 540 1829 676 1872; x_wconf 81' lang='lat' dir='ltr'>Sacrae</span> <span class='ocrx_word' id='word_1_239' title='bbox 708 1825 966 1884; x_wconf 84' lang='lat' dir='ltr'>Scripturae,</span> <span class='ocrx_word' id='word_1_240' title='bbox 1004 1824 1274 1871; x_wconf 51' lang='lat' dir='ltr'>Sanctorum</span> <span class='ocrx_word' id='word_1_241' title='bbox 1299 1825 1488 1868; x_wconf 87' lang='lat' dir='ltr'>Patrum</span> <span class='ocrx_word' id='word_1_242' title='bbox 1507 1854 1524 1878; x_wconf 90' lang='lat'><em>,</em></span> <span class='ocrx_word' id='word_1_243' title='bbox 1565 1832 1619 1868; x_wconf 84' lang='lat' dir='ltr'>ac</span> <span class='ocrx_word' id='word_1_244' title='bbox 1651 1821 1943 1878; x_wconf 83' lang='lat' dir='ltr'>Rationum,</span> <span class='ocrx_word' id='word_1_245' title='bbox 1981 1833 2086 1871; x_wconf 87' lang='lat' dir='ltr'>tum</span> 
     </span>
     <span class='ocr_line' id='line_1_26' title="bbox 242 1890 2085 1954; baseline -0.002 -10"><span class='ocrx_word' id='word_1_246' title='bbox 242 1900 380 1944; x_wconf 86' lang='lat' dir='ltr'>etiam</span> <span class='ocrx_word' id='word_1_247' title='bbox 405 1895 704 1942; x_wconf 76' lang='lat' dir='ltr'>Historiarum</span> <span class='ocrx_word' id='word_1_248' title='bbox 719 1927 734 1951; x_wconf 94' lang='lat'><em>‚</em></span> <span class='ocrx_word' id='word_1_249' title='bbox 764 1890 1125 1953; x_wconf 76' lang='lat' dir='ltr'>symbolorum,</span> <span class='ocrx_word' id='word_1_250' title='bbox 1159 1893 1506 1954; x_wconf 83' lang='lat' dir='ltr'>Antiquitatum</span> <span class='ocrx_word' id='word_1_251' title='bbox 1529 1923 1545 1947; x_wconf 90' lang='lat'><em>,</em></span> <span class='ocrx_word' id='word_1_252' title='bbox 1586 1905 1639 1938; x_wconf 86' lang='lat' dir='ltr'>ac</span> <span class='ocrx_word' id='word_1_253' title='bbox 1662 1893 2085 1954; x_wconf 84' lang='lat' dir='ltr'>Anagrammatum</span> 
     </span>
     <span class='ocr_line' id='line_1_27' title="bbox 241 1956 2086 2029; baseline -0.004 -15"><span class='ocrx_word' id='word_1_254' title='bbox 241 1964 455 2029; x_wconf 87' lang='lat' dir='ltr'>suffragiis</span> <span class='ocrx_word' id='word_1_255' title='bbox 479 1964 521 2010; x_wconf 73' lang='lat' dir='ltr'>id</span> <span class='ocrx_word' id='word_1_256' title='bbox 547 1963 716 2011; x_wconf 74' lang='lat' dir='ltr'>efficere</span> <span class='ocrx_word' id='word_1_257' title='bbox 736 1975 924 2009; x_wconf 90' lang='lat' dir='ltr'>conatus</span> <span class='ocrx_word' id='word_1_258' title='bbox 945 1962 1076 2009; x_wconf 87' lang='lat' dir='ltr'>fuero</span> <span class='ocrx_word' id='word_1_259' title='bbox 1099 1976 1112 2008; x_wconf 78' lang='lat' dir='ltr'><strong><em>z</em></strong></span> <span class='ocrx_word' id='word_1_260' title='bbox 1148 1963 1253 2024; x_wconf 86' lang='lat' dir='ltr'>quia</span> <span class='ocrx_word' id='word_1_261' title='bbox 1282 1956 1505 2007; x_wconf 78' lang='lat' dir='ltr'>nimirum</span> <span class='ocrx_word' id='word_1_262' title='bbox 1532 1973 1630 2008; x_wconf 88' lang='lat' dir='ltr'>tota</span> <span class='ocrx_word' id='word_1_263' title='bbox 1650 1960 1829 2008; x_wconf 91' lang='lat' dir='ltr'>Divino</span> <span class='ocrx_word' id='word_1_264' title='bbox 1848 1962 1952 2008; x_wconf 87' lang='lat' dir='ltr'>Sole</span> <span class='ocrx_word' id='word_1_265' title='bbox 1972 1967 2086 2008; x_wconf 74' lang='lat' dir='ltr'>ami.</span> 
     </span>
     <span class='ocr_line' id='line_1_28' title="bbox 240 2024 2086 2098; baseline -0.004 -15"><span class='ocrx_word' id='word_1_266' title='bbox 240 2038 333 2092; x_wconf 66' lang='lat' dir='ltr'>sta,</span> <span class='ocrx_word' id='word_1_267' title='bbox 368 2037 475 2081; x_wconf 84' lang='lat' dir='ltr'>unic</span> <span class='ocrx_word' id='word_1_268' title='bbox 500 2034 610 2080; x_wconf 68' lang='lat'><em>‚1110</em></span> <span class='ocrx_word' id='word_1_269' title='bbox 631 2027 793 2088; x_wconf 76' lang='lat' dir='ltr'><em>Verbo,</em></span> <span class='ocrx_word' id='word_1_270' title='bbox 821 2031 946 2094; x_wconf 90' lang='lat' dir='ltr'>quod</span> <span class='ocrx_word' id='word_1_271' title='bbox 964 2030 1090 2079; x_wconf 77' lang='lat' dir='ltr'>Caro</span> <span class='ocrx_word' id='word_1_272' title='bbox 1109 2033 1159 2078; x_wconf 93' lang='lat' dir='ltr'>in</span> <span class='ocrx_word' id='word_1_273' title='bbox 1178 2030 1246 2078; x_wconf 83' lang='grc' dir='ltr'>ΤΕ</span> <span class='ocrx_word' id='word_1_274' title='bbox 1251 2027 1449 2098; x_wconf 61' lang='lat' dir='ltr'>facium</span> <span class='ocrx_word' id='word_1_275' title='bbox 1466 2024 1550 2095; x_wconf 58' lang='lat' dir='ltr'>(st,</span> <span class='ocrx_word' id='word_1_276' title='bbox 1582 2028 1791 2081; x_wconf 85' lang='lat' dir='ltr'>laudaris,</span> <span class='ocrx_word' id='word_1_277' title='bbox 1826 2045 1876 2077; x_wconf 92' lang='lat' dir='ltr'>ac</span> <span class='ocrx_word' id='word_1_278' title='bbox 1897 2031 2086 2079; x_wconf 70' lang='lat' dir='ltr'>illustra„</span> 
     </span>
     <span class='ocr_line' id='line_1_29' title="bbox 241 2097 2085 2164; baseline -0.005 -10"><span class='ocrx_word' id='word_1_279' title='bbox 241 2108 300 2154; x_wconf 83' lang='lat' dir='ltr'>ris</span> <span class='ocrx_word' id='word_1_280' title='bbox 320 2103 442 2159; x_wconf 78' lang='lat' dir='ltr'>satis;</span> <span class='ocrx_word' id='word_1_281' title='bbox 466 2118 696 2154; x_wconf 64' lang='lat' dir='ltr'>attamen,</span> <span class='ocrx_word' id='word_1_282' title='bbox 731 2099 1127 2164; x_wconf 74' lang='lat' dir='ltr'>quemadmodum</span> <span class='ocrx_word' id='word_1_283' title='bbox 1145 2097 1202 2147; x_wconf 79' lang='lat' dir='ltr'>eo</span> <span class='ocrx_word' id='word_1_284' title='bbox 1222 2098 1494 2162; x_wconf 74' lang='lat' dir='ltr'>plerumque</span> <span class='ocrx_word' id='word_1_285' title='bbox 1516 2097 1660 2147; x_wconf 87' lang='lat' dir='ltr'>redire</span> <span class='ocrx_word' id='word_1_286' title='bbox 1680 2099 1888 2147; x_wconf 87' lang='lat' dir='ltr'>videmus</span> <span class='ocrx_word' id='word_1_287' title='bbox 1912 2102 2085 2149; x_wconf 69' lang='lat' dir='ltr'>Flumi-</span> 
     </span>
     <span class='ocr_line' id='line_1_30' title="bbox 241 2165 2082 2235; baseline -0.005 -11"><span class='ocrx_word' id='word_1_288' title='bbox 241 2192 323 2232; x_wconf 89' lang='lat' dir='ltr'>na,</span> <span class='ocrx_word' id='word_1_289' title='bbox 344 2174 466 2221; x_wconf 80' lang='lat' dir='ltr'>unde</span> <span class='ocrx_word' id='word_1_290' title='bbox 493 2173 619 2222; x_wconf 71' lang='lat' dir='ltr'>suam</span> <span class='ocrx_word' id='word_1_291' title='bbox 638 2172 712 2219; x_wconf 87' lang='lat' dir='ltr'>illa</span> <span class='ocrx_word' id='word_1_292' title='bbox 729 2184 964 2218; x_wconf 80' lang='lat' dir='ltr'>traxerunt</span> <span class='ocrx_word' id='word_1_293' title='bbox 986 2174 1241 2235; x_wconf 85' lang='lat' dir='ltr'>originem:</span> <span class='ocrx_word' id='word_1_294' title='bbox 1271 2172 1333 2216; x_wconf 90' lang='lat' dir='ltr'>ita</span> <span class='ocrx_word' id='word_1_295' title='bbox 1358 2165 1613 2234; x_wconf 76' lang='lat' dir='ltr'>Conceptus</span> <span class='ocrx_word' id='word_1_296' title='bbox 1631 2170 1770 2215; x_wconf 88' lang='lat' dir='ltr'>etiam</span> <span class='ocrx_word' id='word_1_297' title='bbox 1791 2184 1920 2218; x_wconf 85' lang='lat' dir='ltr'>meus</span> <span class='ocrx_word' id='word_1_298' title='bbox 1941 2167 2082 2219; x_wconf 74' lang='lat' dir='ltr'><em>Chro-</em></span> 
     </span>
     <span class='ocr_line' id='line_1_31' title="bbox 240 2229 2083 2314; baseline -0.003 -19"><span class='ocrx_word' id='word_1_299' title='bbox 240 2239 544 2314; x_wconf 71' lang='lat' dir='ltr'>ncgraphicus</span> <span class='ocrx_word' id='word_1_300' title='bbox 557 2278 570 2301; x_wconf 90' lang='lat'>‚</span> <span class='ocrx_word' id='word_1_301' title='bbox 608 2238 904 2306; x_wconf 79' lang='lat' dir='ltr'>quantumvis</span> <span class='ocrx_word' id='word_1_302' title='bbox 927 2244 1116 2305; x_wconf 79' lang='lat' dir='ltr'>exiguus</span> <span class='ocrx_word' id='word_1_303' title='bbox 1136 2273 1150 2297; x_wconf 94' lang='lat'><em>‚</em></span> <span class='ocrx_word' id='word_1_304' title='bbox 1190 2234 1485 2301; x_wconf 74' lang='lat' dir='ltr'>laudibusque</span> <span class='ocrx_word' id='word_1_305' title='bbox 1509 2229 1626 2286; x_wconf 83' lang='lat' dir='ltr'>Tibi</span> <span class='ocrx_word' id='word_1_306' title='bbox 1647 2236 1806 2286; x_wconf 86' lang='lat' dir='ltr'>debitis</span> <span class='ocrx_word' id='word_1_307' title='bbox 1822 2253 1901 2300; x_wconf 89' lang='lat' dir='ltr'>per</span> <span class='ocrx_word' id='word_1_308' title='bbox 1922 2244 2083 2289; x_wconf 78' lang='lat' dir='ltr'>omnia</span> 
     </span>
     <span class='ocr_line' id='line_1_32' title="bbox 242 2303 2082 2377; baseline -0.002 -15"><span class='ocrx_word' id='word_1_309' title='bbox 242 2318 412 2377; x_wconf 88' lang='lat' dir='ltr'>impar,</span> <span class='ocrx_word' id='word_1_310' title='bbox 445 2313 499 2362; x_wconf 88' lang='lat' dir='ltr'>de</span> <span class='ocrx_word' id='word_1_311' title='bbox 532 2311 713 2361; x_wconf 89' lang='lat' dir='ltr'>sublimi</span> <span class='ocrx_word' id='word_1_312' title='bbox 735 2325 890 2358; x_wconf 88' lang='lat' dir='ltr'>tamen</span> <span class='ocrx_word' id='word_1_313' title='bbox 922 2306 1260 2358; x_wconf 82' lang='lat' dir='ltr'>immunisfimae</span> <span class='ocrx_word' id='word_1_314' title='bbox 1284 2303 1393 2356; x_wconf 67' lang='lat' dir='ltr'>‘Dm</span> <span class='ocrx_word' id='word_1_315' title='bbox 1422 2310 1756 2370; x_wconf 87' lang='lat' dir='ltr'>Conceptionis</span> <span class='ocrx_word' id='word_1_316' title='bbox 1789 2307 2082 2374; x_wconf 64' lang='lat' dir='ltr'>praerogativa</span> 
     </span>
     <span class='ocr_line' id='line_1_33' title="bbox 238 2375 2083 2447; baseline -0.003 -14"><span class='ocrx_word' id='word_1_317' title='bbox 238 2384 485 2447; x_wconf 86' lang='lat' dir='ltr'>specialiter</span> <span class='ocrx_word' id='word_1_318' title='bbox 503 2382 731 2431; x_wconf 89' lang='lat' dir='ltr'>institutus</span> <span class='ocrx_word' id='word_1_319' title='bbox 740 2415 754 2439; x_wconf 90' lang='lat'><em>,</em></span> <span class='ocrx_word' id='word_1_320' title='bbox 790 2395 889 2428; x_wconf 91' lang='lat' dir='ltr'>non</span> <span class='ocrx_word' id='word_1_321' title='bbox 911 2380 1064 2434; x_wconf 87' lang='lat' dir='ltr'>alteri,</span> <span class='ocrx_word' id='word_1_322' title='bbox 1099 2376 1239 2443; x_wconf 72' lang='lat' dir='ltr'>quam</span> <span class='ocrx_word' id='word_1_323' title='bbox 1262 2375 1368 2427; x_wconf 83' lang='lat' dir='ltr'><em>‘Tuo</em></span> <span class='ocrx_word' id='word_1_324' title='bbox 1401 2376 1531 2439; x_wconf 86' lang='lat' dir='ltr'>ipfius</span> <span class='ocrx_word' id='word_1_325' title='bbox 1559 2377 1857 2426; x_wconf 87' lang='lat' dir='ltr'>immaculato</span> <span class='ocrx_word' id='word_1_326' title='bbox 1876 2379 2083 2429; x_wconf 69' lang='lat' dir='ltr'>&#39;Nomini</span> 
     </span>
     <span class='ocr_line' id='line_1_34' title="bbox 237 2439 2082 2514; baseline -0.003 -11"><span class='ocrx_word' id='word_1_327' title='bbox 237 2455 434 2512; x_wconf 86' lang='lat' dir='ltr'>dicatus,</span> <span class='ocrx_word' id='word_1_328' title='bbox 468 2449 842 2514; x_wconf 76' lang='lat' dir='ltr'>consecratusque</span> <span class='ocrx_word' id='word_1_329' title='bbox 867 2449 921 2497; x_wconf 88' lang='lat' dir='ltr'>ad</span> <span class='ocrx_word' id='word_1_330' title='bbox 957 2439 1028 2498; x_wconf 66' lang='grc' dir='ltr'><strong>Ἱὲ</strong></span> <span class='ocrx_word' id='word_1_331' title='bbox 1057 2449 1198 2498; x_wconf 89' lang='lat' dir='ltr'>redire</span> <span class='ocrx_word' id='word_1_332' title='bbox 1233 2463 1334 2497; x_wconf 89' lang='lat' dir='ltr'>non</span> <span class='ocrx_word' id='word_1_333' title='bbox 1364 2461 1544 2496; x_wconf 88' lang='lat' dir='ltr'>veretur</span> <span class='ocrx_word' id='word_1_334' title='bbox 1565 2481 1582 2505; x_wconf 90' lang='lat'>‚</span> <span class='ocrx_word' id='word_1_335' title='bbox 1621 2444 1670 2495; x_wconf 73' lang='lat' dir='ltr'>ea</span> <span class='ocrx_word' id='word_1_336' title='bbox 1705 2449 1863 2509; x_wconf 88' lang='lat' dir='ltr'>plenus</span> <span class='ocrx_word' id='word_1_337' title='bbox 1892 2447 2082 2509; x_wconf 67' lang='lat' dir='ltr'>fiducia,</span> 
     </span>
     <span class='ocr_line' id='line_1_35' title="bbox 237 2516 2080 2588; baseline -0.001 -16"><span class='ocrx_word' id='word_1_338' title='bbox 237 2522 364 2588; x_wconf 79' lang='lat' dir='ltr'>quod</span> <span class='ocrx_word' id='word_1_339' title='bbox 389 2539 486 2572; x_wconf 89' lang='lat' dir='ltr'>non</span> <span class='ocrx_word' id='word_1_340' title='bbox 514 2537 610 2572; x_wconf 89' lang='lat' dir='ltr'>tam</span> <span class='ocrx_word' id='word_1_341' title='bbox 638 2525 700 2570; x_wconf 90' lang='lat' dir='ltr'>rei</span> <span class='ocrx_word' id='word_1_342' title='bbox 726 2519 886 2569; x_wconf 83' lang='lat' dir='ltr'>oblatae</span> <span class='ocrx_word' id='word_1_343' title='bbox 913 2523 1109 2582; x_wconf 90' lang='lat' dir='ltr'>pretium</span> <span class='ocrx_word' id='word_1_344' title='bbox 1126 2553 1142 2577; x_wconf 91' lang='lat'><em>,</em></span> <span class='ocrx_word' id='word_1_345' title='bbox 1191 2516 1332 2583; x_wconf 76' lang='lat' dir='ltr'>quam</span> <span class='ocrx_word' id='word_1_346' title='bbox 1364 2517 1549 2565; x_wconf 87' lang='lat' dir='ltr'>filialem</span> <span class='ocrx_word' id='word_1_347' title='bbox 1579 2517 1811 2566; x_wconf 85' lang='lat' dir='ltr'>offerentis</span> <span class='ocrx_word' id='word_1_348' title='bbox 1842 2518 2080 2579; x_wconf 67' lang='lat' dir='ltr'>affeCium,</span> 
     </span>
     <span class='ocr_line' id='line_1_36' title="bbox 236 2586 2080 2657; baseline -0.004 -16"><span class='ocrx_word' id='word_1_349' title='bbox 236 2593 595 2657; x_wconf 72' lang='lat' dir='ltr'>promptumque</span> <span class='ocrx_word' id='word_1_350' title='bbox 616 2593 808 2654; x_wconf 84' lang='lat' dir='ltr'>Clientis</span> <span class='ocrx_word' id='word_1_351' title='bbox 833 2591 1072 2647; x_wconf 87' lang='lat' dir='ltr'>animum,</span> <span class='ocrx_word' id='word_1_352' title='bbox 1105 2586 1309 2637; x_wconf 71' lang='lat' dir='ltr'>Materna</span> <span class='ocrx_word' id='word_1_353' title='bbox 1335 2586 1615 2651; x_wconf 88' lang='lat' dir='ltr'>benignitate</span> <span class='ocrx_word' id='word_1_354' title='bbox 1642 2586 1694 2635; x_wconf 87' lang='lat' dir='ltr'>fis</span> <span class='ocrx_word' id='word_1_355' title='bbox 1715 2586 1982 2651; x_wconf 62' lang='lat' dir='ltr'>respectum</span> <span class='ocrx_word' id='word_1_356' title='bbox 2005 2595 2080 2639; x_wconf 85' lang='lat' dir='ltr'>Sa-</span> 
     </span>
     <span class='ocr_line' id='line_1_37' title="bbox 237 2655 2078 2726; baseline -0.002 -15"><span class='ocrx_word' id='word_1_357' title='bbox 237 2662 292 2713; x_wconf 79' lang='lat' dir='ltr'>tis</span> <span class='ocrx_word' id='word_1_358' title='bbox 315 2678 517 2726; x_wconf 90' lang='lat' dir='ltr'>namque</span> <span class='ocrx_word' id='word_1_359' title='bbox 538 2662 611 2710; x_wconf 87' lang='lat' dir='ltr'>dat</span> <span class='ocrx_word' id='word_1_360' title='bbox 626 2696 639 2719; x_wconf 94' lang='lat'>,</span> <span class='ocrx_word' id='word_1_361' title='bbox 665 2664 745 2726; x_wconf 90' lang='lat' dir='ltr'>qui</span> <span class='ocrx_word' id='word_1_362' title='bbox 760 2659 856 2714; x_wconf 87' lang='lat' dir='ltr'>dat,</span> <span class='ocrx_word' id='word_1_363' title='bbox 880 2673 1108 2723; x_wconf 86' lang='lat' dir='ltr'>quantum</span> <span class='ocrx_word' id='word_1_364' title='bbox 1127 2658 1229 2709; x_wconf 83' lang='lat' dir='ltr'>date</span> <span class='ocrx_word' id='word_1_365' title='bbox 1245 2657 1413 2724; x_wconf 84' lang='lat' dir='ltr'>potest,</span> <span class='ocrx_word' id='word_1_366' title='bbox 1436 2656 1552 2707; x_wconf 86' lang='lat' dir='ltr'>nihil</span> <span class='ocrx_word' id='word_1_367' title='bbox 1576 2655 1656 2706; x_wconf 86' lang='lat' dir='ltr'>fibi</span> <span class='ocrx_word' id='word_1_368' title='bbox 1674 2657 1942 2709; x_wconf 75' lang='lat' dir='ltr'>reservando</span> <span class='ocrx_word' id='word_1_369' title='bbox 1949 2657 2078 2721; x_wconf 74' lang='lat' dir='ltr'>,imo</span> 
     </span>
    </p>
   </div>
   <div class='ocr_carea' id='block_1_5' title="bbox 235 2729 950 2797">
    <p class='ocr_par' dir='ltr' id='par_1_5' title="bbox 235 2729 950 2797">
     <span class='ocr_line' id='line_1_38' title="bbox 235 2729 950 2797; baseline -0.003 -15"><span class='ocrx_word' id='word_1_370' title='bbox 235 2731 529 2797; x_wconf 86' lang='lat' dir='ltr'>semetipsum</span> <span class='ocrx_word' id='word_1_371' title='bbox 546 2747 703 2781; x_wconf 90' lang='lat' dir='ltr'>toturn</span> <span class='ocrx_word' id='word_1_372' title='bbox 722 2729 950 2780; x_wconf 79' lang='lat' dir='ltr'>donandO.</span> 
     </span>
    </p>
   </div>
   <div class='ocr_carea' id='block_1_6' title="bbox 231 2858 2077 3198">
    <p class='ocr_par' dir='ltr' id='par_1_6' title="bbox 231 2858 2077 3154">
     <span class='ocr_line' id='line_1_39' title="bbox 340 2858 2077 2944; baseline -0.003 -20"><span class='ocrx_word' id='word_1_373' title='bbox 340 2873 546 2924; x_wconf 88' lang='lat' dir='ltr'>Obsecro</span> <span class='ocrx_word' id='word_1_374' title='bbox 566 2887 749 2931; x_wconf 90' lang='lat' dir='ltr'>autem,</span> <span class='ocrx_word' id='word_1_375' title='bbox 787 2866 930 2944; x_wconf 77' lang='lat' dir='ltr'>Virgo</span> <span class='ocrx_word' id='word_1_376' title='bbox 950 2867 1092 2919; x_wconf 76' lang='lat' dir='ltr'>Beati</span> <span class='ocrx_word' id='word_1_377' title='bbox 1122 2885 1247 2929; x_wconf 76' lang='lat' dir='ltr'>ima,</span> <span class='ocrx_word' id='word_1_378' title='bbox 1278 2860 1484 2940; x_wconf 57' lang='lat' dir='ltr'>Regina</span> <span class='ocrx_word' id='word_1_379' title='bbox 1507 2858 1848 2918; x_wconf 68' lang='lat' dir='ltr'>immaculata!</span> <span class='ocrx_word' id='word_1_380' title='bbox 1877 2865 2077 2935; x_wconf 75' lang='lat' dir='ltr'>digneris</span> 
     </span>
     <span class='ocr_line' id='line_1_40' title="bbox 233 2936 2077 3009; baseline -0.002 -18"><span class='ocrx_word' id='word_1_381' title='bbox 233 2943 349 2991; x_wconf 88' lang='lat' dir='ltr'>mihi</span> <span class='ocrx_word' id='word_1_382' title='bbox 368 2943 550 2994; x_wconf 83' lang='lat' dir='ltr'>affistere</span> <span class='ocrx_word' id='word_1_383' title='bbox 573 2941 712 3009; x_wconf 73' lang='lat' dir='ltr'>gratia</span> <span class='ocrx_word' id='word_1_384' title='bbox 732 2936 861 2996; x_wconf 58' lang='lat' dir='ltr'>Tuci,</span> <span class='ocrx_word' id='word_1_385' title='bbox 884 2952 931 2992; x_wconf 70' lang='grc' dir='ltr'>ὅς</span> <span class='ocrx_word' id='word_1_386' title='bbox 949 2941 1060 2989; x_wconf 87' lang='lat' dir='ltr'>ficut</span> <span class='ocrx_word' id='word_1_387' title='bbox 1095 2939 1474 3004; x_wconf 85' lang='lat' dir='ltr'>plendidiffimum</span> <span class='ocrx_word' id='word_1_388' title='bbox 1497 2937 1608 2989; x_wconf 90' lang='lat' dir='ltr'>Solis</span> <span class='ocrx_word' id='word_1_389' title='bbox 1634 2937 1781 3003; x_wconf 82' lang='lat' dir='ltr'>jubar,</span> <span class='ocrx_word' id='word_1_390' title='bbox 1806 2942 1854 2987; x_wconf 91' lang='lat' dir='ltr'>in</span> <span class='ocrx_word' id='word_1_391' title='bbox 1873 2942 1964 2988; x_wconf 89' lang='lat' dir='ltr'>ima</span> <span class='ocrx_word' id='word_1_392' title='bbox 1983 2938 2077 2988; x_wconf 84' lang='lat' dir='ltr'>sese</span> 
     </span>
     <span class='ocr_line' id='line_1_41' title="bbox 232 3005 2073 3078; baseline -0.002 -18"><span class='ocrx_word' id='word_1_393' title='bbox 232 3012 385 3078; x_wconf 87' lang='lat' dir='ltr'>stagna</span> <span class='ocrx_word' id='word_1_394' title='bbox 405 3016 648 3064; x_wconf 88' lang='lat' dir='ltr'>demittens</span> <span class='ocrx_word' id='word_1_395' title='bbox 668 3047 683 3067; x_wconf 83' lang='lat'>‚</span> <span class='ocrx_word' id='word_1_396' title='bbox 731 3010 904 3076; x_wconf 70' lang='lat' dir='ltr'>recept-3</span> <span class='ocrx_word' id='word_1_397' title='bbox 925 3010 1096 3060; x_wconf 90' lang='lat' dir='ltr'>ibidem</span> <span class='ocrx_word' id='word_1_398' title='bbox 1114 3007 1417 3074; x_wconf 75' lang='lat' dir='ltr'>pulcherrima</span> <span class='ocrx_word' id='word_1_399' title='bbox 1446 3005 1520 3057; x_wconf 64' lang='lat' dir='ltr'>sua</span> <span class='ocrx_word' id='word_1_400' title='bbox 1543 3012 1742 3074; x_wconf 85' lang='lat' dir='ltr'>imagine</span> <span class='ocrx_word' id='word_1_401' title='bbox 1758 3043 1773 3066; x_wconf 91' lang='lat'>,</span> <span class='ocrx_word' id='word_1_402' title='bbox 1810 3010 2073 3059; x_wconf 85' lang='lat' dir='ltr'>illuminare</span> 
     </span>
     <span class='ocr_line' id='line_1_42' title="bbox 231 3073 2073 3154; baseline -0.003 -22"><span class='ocrx_word' id='word_1_403' title='bbox 231 3083 334 3144; x_wconf 82' lang='lat' dir='ltr'>illa,</span> <span class='ocrx_word' id='word_1_404' title='bbox 352 3101 403 3135; x_wconf 86' lang='lat' dir='ltr'>ac</span> <span class='ocrx_word' id='word_1_405' title='bbox 421 3085 636 3135; x_wconf 87' lang='lat' dir='ltr'>illustrare</span> <span class='ocrx_word' id='word_1_406' title='bbox 655 3098 758 3132; x_wconf 90' lang='lat' dir='ltr'>non</span> <span class='ocrx_word' id='word_1_407' title='bbox 777 3084 1063 3138; x_wconf 79' lang='lat' dir='ltr'>intermittit3</span> <span class='ocrx_word' id='word_1_408' title='bbox 1085 3079 1146 3130; x_wconf 86' lang='lat' dir='ltr'>fic</span> <span class='ocrx_word' id='word_1_409' title='bbox 1168 3075 1417 3154; x_wconf 76' lang='lat' dir='ltr'>clariffima</span> <span class='ocrx_word' id='word_1_410' title='bbox 1436 3074 1680 3148; x_wconf 69' lang='lat' dir='ltr'>Majcgstas</span> <span class='ocrx_word' id='word_1_411' title='bbox 1700 3076 1814 3128; x_wconf 67' lang='lat' dir='ltr'>‘Iun</span> <span class='ocrx_word' id='word_1_412' title='bbox 1825 3113 1840 3138; x_wconf 90' lang='lat'><em>,</em></span> <span class='ocrx_word' id='word_1_413' title='bbox 1864 3073 1962 3129; x_wconf 85' lang='lat' dir='ltr'>Sole</span> <span class='ocrx_word' id='word_1_414' title='bbox 1980 3076 2073 3127; x_wconf 87' lang='lat' dir='ltr'>cir-</span> 
     </span>
    </p>

    <p class='ocr_par' dir='ltr' id='par_1_7' title="bbox 1941 3163 2074 3198">
     <span class='ocr_line' id='line_1_43' title="bbox 1941 3163 2074 3198; baseline 0.008 -1"><span class='ocrx_word' id='word_1_415' title='bbox 1941 3163 2074 3198; x_wconf 79' lang='lat' dir='ltr'>cum-</span> 
     </span>
    </p>
   </div>
  </div>
 </body>
</html>
