2164 3413
158 814 312 850 contemp·

158 855 192 882 de
202 858 230 882 B·
242 858 277 885 V.

158 906 183 925 G.
193 906 217 925 Ἀ.

137 2983 247 3014 lnLae.

139 3028 197 3060 §.1
233 3023 260 3055 ff

137 3067 171 3094 de

138 3150 201 3183 3.C·
210 3148 244 3177 de

135 3191 280 3227 quadrien.

135 3230 283 3269 prascript.

336 180 445 218 nium
475 176 674 217 donorum
695 174 1028 216 desiderabilium:
1065 175 1131 214 de-

337 236 395 276 dit
421 235 669 276 firmiffimam
699 238 797 276 Sarae
822 234 940 273 fidem
959 264 969 279 ,
996 233 1132 273 libera-

337 294 416 334 lem
442 293 631 336 Rebeccae
660 292 1017 338 mansuetudinem,
1049 293 1131 331 He-

337 356 483 393 roicam
498 351 668 404 Judithae
687 351 956 392 fortitudinem
968 379 977 395 ,
1009 350 1133 406 singu-

336 410 642 468 laremAbigailis
653 410 888 466 sapientiam,
898 408 1131 449 laudabilem

336 469 509 511 Rahabae
548 467 869 514 misericordiam,
910 467 1130 508 ferventissi-

334 542 441 568 marn
452 531 577 568 Annae
595 556 606 572 ,
636 530 776 568 Uxoris
788 525 940 568 Elcanae
952 526 1131 567 devotio-

333 601 426 626 nem
444 615 453 631 ,
484 585 815 642 profundiffimam
840 585 980 626 Ruthae
1003 585 1129 625 humi-

333 644 482 685 litatem
495 674 505 690 ,
537 643 851 701 elegantiflimam
863 643 1026 683 Estheris
1045 642 1128 699 pul-

332 703 615 748 chritudinem,
648 717 787 758 atque,
819 717 860 743 ut
880 707 1007 758 paucis
1037 717 1127 743 cum

331 761 545 802 doctissimo
569 761 701 813 Jdiotfi
724 760 846 802 multa
867 761 1126 817 comprehen-

332 820 442 862 dam:
475 822 558 861 Non
568 819 668 875 defuit
687 820 732 860 illi
742 821 872 876 puritas
897 820 1095 876 Angelorum
1112 848 1123 865 ,

332 895 393 918 non
395 877 480 934 fides
492 879 780 924 Patriarchamm,
811 895 873 917 non
901 879 1005 933 Zlus
1032 880 1124 934 Apo-

320 939 498 991 stolorum,
528 953 590 976 non
649 938 784 977 atiencz‘a
809 939 1026 989 Martyrum,
1062 952 1123 976 non

320 995 472 1054 sbbrietaes
508 995 598 1051 Conse
624 1012 711 1036 orum
731 1024 744 1043 ,
774 1010 835 1034 non
864 995 1052 1040 innocentia,
1070 1009 1127 1034 aut

329 1055 486 1097 bumilitass
497 1055 686 1110 Virginum,
718 1062 781 1096 (γε.
805 1067 960 1109 quantum
984 1054 1065 1092 enim
1077 1052 1126 1092 di-

319 1114 389 1167 stat
416 1114 498 1152 inter
535 1112 658 1152 odorem
683 1142 694 1159 ,
738 1120 777 1154 ώ-
792 1112 915 1169 gustum
945 1112 1125 1151 aromatica

318 1172 433 1227 speciei
452 1198 463 1214 ,
494 1185 591 1210 tanta
641 1171 681 1224 est
699 1171 781 1210 incer
834 1170 1123 1226 contemplationem

328 1231 521 1283 MARIAE
528 1258 540 1276 ‚
571 1237 610 1271 (5·
618 1230 753 1269 aliorum
766 1229 950 1269 Sanh‘lorum
960 1227 1123 1282 distantia,

327 1286 485 1333 belline,
518 1290 614 1328 num
627 1287 755 1342 aliqua
778 1302 913 1328 eorum
936 1291 1117 1327 omnium

326 1350 555 1402 gratiarum,
587 1361 679 1401 quas
713 1349 813 1386 inter
843 1348 1000 1386 Sanaos
1020 1373 1029 1388 ‚
1061 1360 1117 1386 at-

326 1419 399 1459 que
412 1407 557 1445 amicos
573 1405 654 1445 suos
670 1419 750 1445 tam
771 1404 872 1445 varie
885 1403 1007 1460 sparsit
1026 1404 1120 1445 libe-

323 1463 499 1503 raliffima
529 1465 621 1504 DEI
650 1478 785 1503 manus
805 1490 816 1506 ³
847 1463 1032 1519 defignari
1051 1478 1120 1520 po-

324 1521 416 1568 test,
442 1537 528 1576 quae
554 1525 594 1561 in
614 1526 772 1578 Virgine
790 1521 1035 1578 singularibus
1047 1525 1122 1579 pri-

323 1579 470 1637 vilegijs
501 1582 646 1620 auc‘kior
671 1595 755 1620 non
799 1583 1044 1621 inveniatur?
1075 1582 1120 1621 In

322 1637 473 1679 summa
494 1656 503 1679 z
528 1637 629 1678 Dedit
638 1641 688 1677 ‘M
698 1641 739 1677 A
744 1640 865 1694 RIAE
873 1668 884 1685 ,
916 1640 1035 1685 omnia,
1048 1655 1115 1695 quae

316 1698 440 1754 petivit
456 1696 499 1737 ab
531 1713 590 1743 eo,
631 1695 775 1752 dardue
811 1700 852 1737 in
881 1696 1116 1739 hodiernum

323 1753 439 1810 usque
463 1755 569 1796 diem
584 1784 596 1801 ‚
627 1754 854 1811 praesertim,
884 1755 910 1796 fi
931 1771 1002 1812 pro
1028 1771 1118 1814 pec-

320 1813 513 1855 catoribus
542 1817 731 1870 precatrix
758 1817 988 1856 interveniat
1008 1844 1020 1862 ‚
1059 1831 1119 1855 ex-

320 1873 417 1928 ceptis
438 1873 505 1918 his,
545 1871 673 1916 idest,
701 1886 838 1929 praeter
849 1888 916 1920 ea,
947 1889 1014 1930 quae
1036 1874 1120 1914 ultra

322 1931 480 1970 obtulerat
491 1933 530 1976 ei,
554 1947 682 1970 munere
737 1932 815 1989 egio,
848 1935 887 1971 in
898 1935 1026 1988 primo
1036 1933 1116 1986 jam

318 1991 605 2045 Conceptionis
634 1988 812 2036 instanti,
843 1990 1028 2046 singulare
1048 1990 1115 2031 sci-

322 2046 413 2087 licet
437 2046 679 2104 privilegium
706 2078 718 2094 ,
768 2052 1027 2104 exemptionis
1064 2049 1114 2090 ab

321 2105 502 2162 originali
531 2105 645 2161 culpa
667 2135 677 2152 ‚
715 2121 759 2146 ac
781 2106 935 2147 macula
959 2107 1112 2162 reliquis

320 2164 502 2205 omnibus
523 2163 737 2204 communi.
796 2167 844 2205 Et
864 2169 946 2220 quis
971 2169 1111 2207 immu-

321 2225 487 2263 nitatem
502 2222 605 2263 hanc
625 2221 925 2278 specialiffimam
946 2239 1028 2265 non
1052 2225 1109 2265 di-

317 2295 380 2321 cat
400 2297 515 2321 munus
536 2279 608 2321 esse
619 2280 706 2322 vere
734 2283 910 2338 Regium?
932 2285 1022 2323 cum
1034 2286 1107 2338 pri-

314 2353 458 2381 maevus
480 2339 542 2381 ille
565 2343 704 2380 anima:
729 2343 833 2381 nitor
854 2339 972 2396 longe
988 2343 1107 2395 majus

314 2402 444 2453 utique
472 2399 622 2439 bonum
639 2398 702 2444 fit,
739 2398 858 2453 quam
881 2402 1108 2440 intemerata

313 2460 483 2513 corporis
503 2459 712 2513 Virginitas
727 2485 737 2502 ‚
767 2456 828 2499 vel
861 2461 994 2498 omnia
1014 2458 1107 2498 cha-

315 2519 470 2555 rismata
503 2515 616 2572 gratis
647 2515 735 2556 data
754 2544 764 2561 ‚
802 2516 864 2557 vel
893 2520 1009 2557 etiam
1030 2517 1105 2573 ipsa

315 2575 674 2620 DElMaternitas,
707 2573 881 2628 quamvis
909 2575 992 2615 haec
1019 2591 1103 2616 mu-

313 2647 384 2672 nus
398 2632 511 2673 fuerit
526 2662 536 2678 ‚
568 2647 647 2687 quo
666 2633 788 2686 majus
801 2662 811 2678 ,
834 2647 897 2674 aut
911 2633 1103 2675 excellen-

312 2693 385 2730 tius
432 2691 599 2731 conferri
629 2705 809 2731 creatura:
857 2695 921 2734 vix
943 2706 1102 2748 poterat.

311 2749 410 2790 Haec
423 2748 516 2805 ergo
531 2752 728 2805 exemptio
740 2765 879 2791 munus
891 2750 1016 2798 fuit,&
1030 2755 1105 2807 pri-

311 2807 507 2864 vilegium,
519 2807 616 2848 nulli
632 2806 734 2848 certe
745 2807 853 2849 alteri
865 2839 876 2856 ,
895 2810 1012 2864 quam
1025 2813 1103 2851 Re-

309 2869 366 2921 gis
399 2869 552 2923 Regum
577 2869 711 2923 Regiae
730 2869 848 2907 Matri
880 2873 1102 2908 communi-

309 2924 504 2966 candum:
536 2925 630 2966 ficut
651 2928 779 2971 enim,
814 2925 1022 2967 secundum
1036 2932 1100 2978 Ju-

308 2981 411 3022 ristas
422 3011 433 3028 ‚
466 2982 782 3040 Imperatrixfimilvk
800 2984 935 3024 habetur
954 2988 1100 3042 Impera-

735 81 829 142 De
850 77 1140 160 concepta
1161 81 1316 141 Sacra
1335 77 1578 159 Deipara

1180 179 1220 216 ὃς
1239 173 1365 214 homo
1380 203 1391 220 ‚
1422 173 1516 214 dum
1540 173 1637 215 nulli
1665 173 1741 232 legi
1758 176 1905 230 pcccati
1924 171 1975 214 εί

1180 231 1232 272 set
1241 231 1433 272 obnoxius
1449 261 1459 278 ,
1489 231 1703 273 &liberum
1722 232 1757 273 se
1781 232 1904 273 nosset
1926 231 1974 274 ab

1181 289 1360 346 originali
1377 305 1444 346 per
1465 304 1665 337 naturam,
1697 289 1858 331 liberam
1876 306 1974 345 quo-

1181 364 1256 403 que
1275 348 1416 389 habere
1432 348 1555 390 voluit
1575 352 1757 390 MAmAM
1791 354 1973 400 (munere

1180 406 1270 449 vere
1283 410 1411 463 Regio
1425 412 1435 455 )
1469 422 1536 462 per
1551 411 1712 463 gratiam
1725 437 1736 454 ‚
1766 413 1808 449 ὃς
1820 406 1972 464 privile-

1179 468 1286 522 gium
1296 494 1306 511 ,
1340 481 1388 505 ne
1399 479 1571 520 unquam
1581 469 1621 506 in
1637 465 1825 523 originale
1837 480 1972 522 pecca-

1179 538 1264 564 tum
1279 523 1483 569 incideret,
1515 537 1580 564 aut
1593 527 1752 566 unicum
1766 538 1972 582 peccatum

1178 585 1264 623 aaa
1274 582 1619 637 comitteret3quasi
1629 584 1679 625 ad
1691 583 1857 625 futuram
1866 581 1971 624 suam

1177 642 1423 682 Genitricem
1465 641 1611 682 diceret
1631 642 1727 683 illud
1758 642 1968 696 Ambrofij:

1176 699 1400 740 Generationzis
1414 715 1487 738 meae
1503 701 1537 738 in
1551 714 1582 739 te
1586 701 1796 758 privilegium
1815 701 1946 758 agnosio
1957 729 1968 746 ,

1174 773 1266 814 quem
1281 757 1367 797 nulla
1379 757 1486 814 potuit
1506 759 1634 799 macula
1650 760 1815 817 inquinare
1836 760 1970 817 peccati.

1174 816 1406 857 Praeviderat
1417 816 1500 856 haec
1513 819 1636 874 Regia
1647 821 1863 864 munera‚in
1878 822 1972 859 Bea—

1174 875 1351 915 tiffimam
1363 877 1455 914 DEI
1468 877 1673 916 Parentem
1687 876 1937 933 copiosiflime
1949 877 1970 916 a

1174 935 1327 975 Divino
1339 933 1549 974 Salomone
1564 934 1802 976 conferenda
1813 965 1823 981 ,
1852 940 1970 978 Vates

1176 995 1320 1048 Regius
1336 1010 1346 1040 5
1364 992 1457 1032 hinc
1466 992 1696 1048 singularem
1717 994 1889 1048 ejusdem
1900 1009 1970 1051 pu-

1172 1051 1319 1091 riffimae
1344 1053 1628 1107 Conceptionis
1654 1056 1968 1109 praerogativam,

1174 1124 1219 1150 ac
1232 1108 1504 1150 excellentiam
1519 1109 1620 1151 hisce
1636 1110 1759 1152 verbis
1772 1110 1968 1153 declarare

1990 752 2021 778 In
2030 751 2100 782 Psal.

1989 802 2039 828 40·

1154 1168 1343 1210 videtur:
1383 1167 1661 1227 Adstitithgina
1677 1169 1856 1210 addexm‘s
1880 1171 1964 1215 tuis,
1983 1201 2043 1230 Psai
2065 1213 2114 1240 44-

1172 1228 1207 1268 in
1217 1228 1333 1282 ‘vistim
1343 1225 1496 1267 deaurato
1506 1256 1518 1274 ‚
1550 1227 1629 1269 hoc
1650 1229 1930 1286 Scripturistico
1947 1257 1964 1265 -
1984 1253 2069 1274 v.11.

1172 1285 1568 1343 Chronographicum
1618 1287 1833 1345 adjungens
1883 1287 1967 1329 elo·

1167 1348 1274 1403 gium
1297 1360 1305 1382 t

1286 1405 1553 1444 CIrCVileata
1572 1407 1754 1445 eretate.

1169 1461 1305 1502 volens
1322 1465 1507 1503 nimirum
1519 1463 1728 1520 fignificare
1745 1490 1755 1508 ,
1782 1466 1821 1503 in
1835 1465 1965 1519 primo

1171 1519 1240 1561 illo
1257 1523 1541 1576 Conceptionis
1568 1521 1731 1563 articulo
1743 1553 1753 1569 ,
1768 1525 1965 1578 Reginam

1171 1578 1343 1620 nostram
1355 1578 1376 1619 a
1389 1580 1530 1620 dextris
1541 1581 1631 1620 DEI
1645 1579 1805 1621 extitisse
1819 1610 1830 1627 ‚
1864 1583 1964 1621 nun-

1164 1652 1283 1691 quam
1304 1637 1409 1684 vero,
1428 1653 1499 1679 nec
1525 1641 1670 1695 puncto
1686 1639 1847 1694 quidem
1864 1653 1962 1679 tem-

1167 1699 1288 1752 poris,
1318 1696 1532 1737 adstitiffea
1552 1697 1722 1739 sinistris:
1757 1713 1962 1754 comparu-

1167 1753 1231 1795 isse
1242 1769 1329 1796 eam
1338 1758 1380 1795 in
1397 1753 1467 1796 illo
1476 1754 1555 1812 ipso
1569 1759 1754 1813 temporis
1766 1759 1910 1812 purifio
1920 1760 1961 1797 in

1168 1812 1304 1856 vestitu
1335 1813 1541 1860 deaurato,
1574 1818 1704 1871 gratia:
1731 1814 1959 1872 praeservan-

1169 1875 1215 1913 tis
1227 1870 1249 1912 a
1268 1886 1501 1928 quocunque
1524 1887 1686 1929 peccato
1705 1902 1716 1920 ,
1748 1890 1876 1914 munere
1891 1877 1959 1930 Rq-

1162 1931 1218 1987 gio
1257 1945 1425 1988 acceptae
1450 1949 1460 1971 ε
1505 1931 1735 1972 circumdatam
1777 1946 1958 1988 praeterea

1164 1992 1344 2030 omnium
1364 1991 1526 2030 ‘varietate
1546 1994 1749 2036 virtutum,
1781 1991 1854 2032 five
1894 1998 1905 2040 (
1918 2006 1959 2032 ut

1164 2050 1196 2089 S.
1211 2050 1476 2104 Hieronymus
1498 2052 1611 2090 vertit
1632 2055 1642 2097 )
1672 2049 1842 2104 scutulam
1863 2051 1957 2104 westi-

1162 2105 1238 2147 bm:
1267 2107 1408 2148 merito
1430 2110 1537 2147 enim
1566 2107 1684 2147 vestes
1714 2112 1843 2164 gratiae
1858 2108 1956 2149 illius

1152 2164 1324 2219 scutulatae
1350 2164 1611 2221 appellantur,
1635 2168 1724 2220 quia
1742 2166 1849 2206 mille
1874 2166 1953 2208 scu-

1162 2236 1200 2263 ta
1225 2237 1388 2279 peccato
1411 2222 1587 2280 opposuit
1610 2224 1764 2280 copiola
1796 2228 1953 2266 MARIAE

1158 2285 1303 2338 gratia,
1333 2282 1544 2336 juxtaillud
1574 2299 1582 2323 :
1627 2283 1726 2322 Mille
1750 2283 1848 2339 clypei
1871 2295 1952 2340 pen-

1157 2339 1233 2381 dem
1246 2357 1287 2380 ex
1298 2340 1353 2388 ea‘¹,
1393 2356 1560 2396 quorum
1575 2340 1661 2381 sane
1682 2341 1949 2384 fortitudinem
1971 2329 1993 2356 C

1157 2403 1307 2454 peccati
1336 2399 1533 2456 originalis
1564 2414 1670 2440 arma
1699 2400 1862 2439 minime
1888 2417 1954 2441 ex-

1155 2471 1351 2513 pugnare,
1383 2472 1447 2498 aut
1483 2457 1689 2514 infringere
1733 2472 1949 2513 potuerunt.

1155 2518 1219 2556 Tu
1240 2516 1403 2572 proinde
1423 2516 1630 2556 feliciffima
1641 2530 1723 2556 non
1733 2516 1858 2563 Sabat,
1890 2517 1953 2560 sed

1155 2575 1424 2632 CoeliRegina
1447 2580 1454 2614 !
1487 2577 1548 2615 cui
1568 2574 1745 2616 Coelestis
1762 2575 1948 2618 Salomon

1155 2637 1288 2676 omnia
1303 2634 1371 2675 dat
1385 2663 1396 2679 ,
1429 2648 1513 2688 quae
1531 2635 1586 2673 vis
1618 2639 1658 2675 δε
1676 2637 1773 2689 petis
1795 2635 1842 2675 ab
1864 2651 1911 2676 eo
1938 2666 1948 2683 ,

1155 2706 1243 2748 pete
1268 2697 1422 2734 veniam
1446 2691 1664 2731 nostrorum
1695 2692 1944 2735 delictorum:

1155 2764 1244 2806 pete
1273 2751 1405 2792 seriam
1426 2750 1554 2790 cordis
1576 2755 1945 2806 compunctionem:

1154 2822 1242 2865 pete
1262 2810 1471 2866 perfectam
1495 2814 1582 2849 vita:
1609 2812 1792 2850 antea-stae
1813 2826 1946 2851 emen-

1153 2867 1353 2908 dationem
1368 2883 1376 2906 :
1408 2879 1493 2922 pete
1506 2865 1660 2907 felicem
1671 2867 1691 2908 ὲ
1703 2868 1859 2910 mortali
1871 2869 1944 2918 hac

1151 2925 1229 2966 vita
1244 2929 1390 2966 exitum
1416 2930 1423 2964 !
1455 2924 1563 2966 dabit
1577 2926 1679 2967 certe
1702 2926 1786 2967 haec
1811 2932 1946 2970 omnia

1151 2987 1190 3024 in
1202 2999 1338 3024 manus
1350 2997 1442 3025 tuas>
1455 2984 1535 3025 imo
1550 2983 1773 3041 superaddet
1799 2993 1809 3037 (
1826 3001 1868 3027 ut
1881 2986 1944 3043 pie

200 3048 266 3101 jurg
307 3042 389 3086 tori,
421 3048 459 3082 <cf
474 3043 652 3098 participat
672 3043 777 3081 omnia
785 3043 962 3099 privilegia
974 3052 1097 3100 &prae-
1147 3041 1359 3098 speramus)
1393 3057 1533 3083 munus
1550 3044 1749 3098 quoddam
1763 3046 1943 3101 Regium,

136 3105 202 3135 fisci.
216 3113 241 3137 ει
252 3110 284 3139 L.
306 3099 495 3154 rogatiwas,
523 3100 576 3155 ipfi
586 3101 794 3156 Imperatori,
811 3103 999 3156 ‘Majestatis
1008 3106 1094 3157 jure,
1146 3100 1371 3141 fruitionem
1386 3099 1527 3141 scilicet
1544 3102 1695 3142 visionis
1706 3101 1774 3143 suae
1790 3104 1941 3144 Beatifi-

255 3191 265 3196 -
307 3158 550 3197 convenientes.-
568 3158 616 3199 fic
630 3158 814 3204 Christus,
836 3175 943 3200 verus
956 3162 1093 3202 DEUS
1144 3174 1211 3204 cx,
1240 3161 1425 3200 aeterm‘im
1445 3174 1724 3215 perennaturae:
1865 3177 1868 3179 ’

1814 3223 1846 3267 ς.
1879 3234 1912 3257 2.

1972 2379 1995 2399 C.

2016 2376 2065 2409 4·‘
