2164 3413
0 3308 11 3407 *Au-*a-

685 96 1022 178 Conceptus,

234 185 313 227 diso
339 189 500 231 foemina
522 207 533 230 t
567 190 662 231 dum
702 190 862 231 econtra
904 191 1023 231 infida

237 247 370 289 DEO
384 278 394 293 ,
426 263 594 289 mortem
607 249 672 289 sub
684 249 832 290 Arbore
851 265 933 290 non
955 266 1021 288 cre-

233 304 300 343 dit:
331 306 425 346 dum
438 309 740 348 Numinirenuit
752 307 882 350 fidem,
904 322 1022 362 quam

234 364 404 420 prodigit
416 365 598 412 daemoni,
617 369 657 406 in
669 380 830 420 utroque
842 381 1022 420 nequam3

237 425 327 476 quia
344 423 457 463 nimis
479 423 541 463 fisa
556 454 567 470 ,
602 424 766 466 &nimis
788 423 899 480 parce
920 440 927 462 :
959 423 1024 464 illa

237 494 390 527 tamen,
417 497 559 537 nempe
579 485 764 524 MARIA
780 512 790 529 ,
832 482 927 522 dum
951 481 1023 523 ser-

236 542 344 594 penti
362 555 443 580 non
464 540 561 580 credit
575 571 586 587 ‚
619 540 788 596 Deoque
808 539 984 582 servatori
1010 569 1021 586 ,

235 597 585 643 omn'imomento,
616 600 735 642 servat
747 600 890 644 fidem,
919 598 1023 640 aser-

234 670 349 712 pente
378 672 461 697 non
490 657 664 702 laeditur,
694 674 777 698 non
803 657 1022 702 mordetur,

237 729 320 754 non
353 718 600 758 intoxicatur.
659 718 758 757 Haec
778 719 925 757 MAR1
940 731 974 755 κε
1004 714 1026 755 ὲ

236 772 361 813 morsu
392 773 570 831 serpentis
614 778 760 830 antiqui
809 772 1028 830 mysteriosa

236 830 474 887 praeservatio
485 832 586 875 clare
599 834 749 875 videtur
758 832 984 874 adumbrata
1013 861 1024 878 ,

238 893 278 930 in
290 890 458 931 mirabili
475 891 544 932 illo
571 906 711 933 eventu
726 921 736 938 ,
769 906 885 946 quem
901 893 1025 948 genti-

239 964 304 989 um
335 952 501 991 Doctori
528 950 647 991 Paulo
686 948 903 1006 contigisse,
934 952 1028 990 Αέὶει

113 1024 137 1044 c.
150 1016 194 1048 28-
237 1007 512 1063 Apostolorum
524 1008 739 1065 perhibent,
757 1012 846 1049 cum
866 1006 1028 1048 enimil-

238 1065 296 1112 le,
326 1071 496 1123 captivus
538 1067 747 1122 aliquando
770 1070 942 1108 Romam
964 1065 1029 1108 ab·

239 1125 439 1166 duceretur
454 1155 464 1172 ,
493 1126 619 1166 dirum
631 1129 671 1166 in
689 1129 824 1166 itinere
840 1124 1029 1181 naufragi-

240 1198 304 1225 um
318 1183 436 1239 passus
451 1214 461 1229 ‚
496 1184 720 1225 difficillime
741 1184 854 1225 evasit
869 1213 879 1229 ,
910 1198 1026 1238 atque

240 1242 290 1283 ad
309 1242 473 1283 Insulam
485 1242 718 1284 Maltensem
736 1258 825 1283 cum
840 1241 947 1296 socijs
963 1257 1028 1298 ap-

240 1300 360 1357 pulit,
379 1300 463 1347 hic,
495 1305 585 1342 cum
598 1306 669 1342 toti
692 1302 858 1346 madidi,
882 1300 1030 1356 insuper

243 1374 319 1415 prae
333 1359 495 1416 frigore,
527 1366 567 1402 &
587 1360 688 1401 fame
704 1390 714 1406 ,
745 1363 808 1401 vix
824 1375 907 1400 non
928 1374 1033 1399 mor-

240 1422 295 1458 tui
326 1433 595 1462 cernerentur,
625 1419 647 1459 a
675 1417 841 1459 barbaris
866 1417 938 1458 illis
968 1417 1034 1458 be-

241 1476 360 1532 nigne
385 1477 680 1533 accipiebantur.
728 1480 818 1517 cum
830 1491 923 1533 ergo
938 1479 1034 1517 Pau-

242 1534 298 1576 lus
314 1535 419 1592 ligna
433 1535 531 1577 forte
553 1539 633 1592 igni
656 1535 899 1577 admoveret:
930 1538 1035 1591 vipe-

244 1609 285 1634 ra
305 1593 494 1635 venenosa
512 1621 523 1637 ,
553 1598 652 1635 inter
665 1593 769 1650 ligna
789 1593 855 1634 illa
874 1592 1033 1633 abscon-

243 1652 335 1698 dita,
351 1651 521 1693 calorem
532 1651 737 1694 ferventius
752 1651 1034 1708 persentiscens,

242 1715 295 1751 ita
306 1726 466 1751 manum
478 1710 654 1767 Apostoli
680 1710 960 1766 apprehendit,
993 1724 1034 1751 ut

242 1769 422 1810 dentibus
442 1768 742 1824 eidem2fortiter
762 1769 909 1814 infixis,
939 1783 1033 1824 pen-

244 1826 335 1868 dula
352 1826 581 1868 remanserit.
611 1827 705 1882 quid
716 1826 764 1867 ad
783 1827 865 1867 haec
881 1825 1034 1867 Barbari

243 1886 489 1942 spectatores?
518 1886 717 1927 Dicebant
738 1884 838 1926 intra
858 1886 891 1926 se
914 1900 922 1923 :
953 1887 1033 1925 Hic

243 1945 368 1985 homo
380 1959 541 2001 magnus
560 1943 662 1985 certe
673 1943 790 1984 debet
809 1942 880 1984 esse
900 1958 1034 1999 pecca-

244 2017 326 2049 tor,
358 2007 446 2057 quia
462 2007 525 2044 vix
549 2002 643 2043 liber
668 2002 690 2043 a
713 2005 826 2043 maris
838 2001 1033 2058 periculo,

245 2062 441 2104 venenoso
463 2064 603 2102 iterum
643 2060 801 2101 animali
838 2060 1034 2101 necandus

244 2119 413 2161 offertur.
473 2125 738 2163 Veruntamen
777 2118 982 2175 Apostolus
1021 2148 1032 2164 ‚

243 2179 371 2218 credens
394 2180 430 2217 D
446 2182 482 2218 E
497 2184 523 2218 Ο
536 2178 596 2234 fico
618 2208 627 2224 ,
659 2178 734 2218 fine
755 2177 866 2218 omni
890 2176 1033 2218 doloris

243 2237 346 2277 senlu
370 2237 561 2293 persistens
582 2266 593 2282 ‚
615 2236 836 2292 serpentem
863 2239 944 2293 igni
974 2238 1033 2275 in-

239 2298 349 2351 jecit,
381 2294 587 2350 vivumque
606 2297 879 2336 concremavit.
939 2296 1034 2336 Cre-

242 2354 388 2395 debant
408 2357 565 2395 interim
592 2368 747 2398 omnes,
781 2352 942 2394 Paulum
969 2368 1032 2394 ve-

242 2429 349 2454 neno
371 2427 591 2469 correptum
609 2442 620 2457 ,
650 2413 892 2466 quantocyus
914 2414 1034 2451 mori-

243 2486 368 2513 turum
386 2490 393 2512 :
414 2471 474 2511 sed
487 2474 577 2512 cum
588 2470 762 2512 viderent
780 2468 1033 2515 incolumem,

241 2547 286 2571 ac
298 2531 385 2570 nulla
397 2530 471 2584 laefio
485 2531 683 2571 inveniretur
702 2530 737 2568 in
753 2545 785 2567 eo
797 2557 808 2573 ‚
839 2542 933 2568 mox
945 2542 1029 2568 mu-

235 2590 311 2630 tata
321 2593 509 2646 opinione
524 2620 533 2634 ‚
567 2603 685 2643 quem
704 2590 803 2644 prius
814 2589 1029 2626 maximum

237 2662 481 2704 peccatorem
515 2647 714 2692 dixerant,
747 2660 850 2686 nunc
868 2646 1029 2686 DEUM

238 2706 380 2747 debere
420 2705 492 2747 effe
515 2736 525 2753 ,
566 2720 705 2746 omnes
746 2702 1026 2744 exclamabant.

240 2765 349 2805 Idem
382 2768 531 2820 prorsus
560 2767 601 2804 in
634 2762 820 2820 puriffima
849 2764 1027 2818 Deiparae

240 2826 514 2879 Conceptione
543 2821 715 2863 accidisse
741 2822 890 2863 videtur
914 2837 922 2860 t
954 2823 1032 2877 Ap-

241 2884 512 2938 propinquavit
522 2881 670 2937 serpens
684 2911 693 2926 ‚
724 2880 771 2921 ad
789 2878 1030 2935 infigendum

237 2943 271 2980 ei
297 2939 525 2996 originalem
544 2938 734 2986 morsum,
778 2941 819 2979 in
844 2936 1000 2978 instanti
1017 2967 1029 2984 ,

239 2999 398 3053 quando
429 3000 558 3039 anima
590 2997 706 3039 infusa
747 2997 801 3039 est
839 3000 1027 3053 corpori,

1104 95 1390 162 LXXXV.
1728 119 1822 174 293

1072 191 1284 248 omnesque
1298 193 1353 232 illi
1374 221 1384 237 ,
1412 194 1477 246 qui
1499 190 1547 231 de
1567 191 1645 245 ejus
1663 197 1865 249 concepti-

1073 265 1149 290 one
1180 251 1400 295 audierant,
1431 249 1641 291 dicebant:
1675 251 1746 291 effe
1769 252 1864 291 alio-

1073 323 1156 348 rum
1187 308 1303 349 instar
1319 309 1526 348 hominum
1550 334 1561 351 2
1592 308 1795 355 infeaam,
1827 315 1867 351 ὃ(

1073 370 1330 422 peccatricem
1359 385 1367 407 ε
1408 366 1599 406 adhaerere
1632 366 1686 406 illi
1713 367 1862 423 lepram

1073 424 1312 470 Adami,&c.
1371 427 1421 465 At
1459 424 1673 465 Beatiffima
1712 429 1832 481 Virgo
1850 455 1860 471 ,

1072 481 1199 522 credens
1219 485 1406 537 DEOJuo‚
1437 480 1662 538 stupentem,
1691 487 1863 524 contrito

1072 544 1221 597 capite,
1251 541 1299 581 ad
1312 545 1444 597 ignem
1467 554 1671 581 tartareum
1693 543 1863 597 projecit.

1072 598 1333 654 Expeffitabant
1358 597 1610 639 nihilominus
1644 597 1785 654 aliqui,
1823 599 1868 640 il-

1073 656 1152 697 lam
1181 673 1335 698 veneno
1362 656 1595 704 inflandam,
1641 673 1714 698 nec
1736 672 1867 698 tamen

1076 718 1130 755 ita
1144 730 1200 755 res
1211 715 1244 756 se
1253 716 1407 763 habuit,
1426 718 1515 770 quia
1532 731 1596 771 per
1609 730 1733 756 totam
1745 720 1866 758 vitam

1076 772 1199 819 suam,
1230 773 1315 813 nulla
1352 773 1426 829 laefio
1446 803 1457 819 ,
1490 773 1595 815 nulla
1621 774 1732 830 culpa
1751 802 1762 817 ,
1793 791 1866 815 nec

1077 830 1270 877 mortalis,
1298 846 1370 870 nec
1390 831 1560 877 venialis,
1580 836 1620 872 in
1646 833 1689 873 ea
1705 837 1868 874 inveniri

1076 903 1234 946 poterat.
1295 891 1404 929 Hinc
1436 904 1518 930 non
1535 889 1687 931 defuere
1719 891 1869 946 aliqui,

1077 951 1144 1003 qui
1161 950 1342 989 MARIAM
1356 950 1473 987 etiam
1499 952 1517 999 (
1528 949 1599 997 teste
1615 953 1644 987 S.
1656 950 1836 1005 Epsphanio
1844 953 1865 1001 )

1077 1010 1299 1063 ignoranter
1309 1004 1529 1051 credebant,
1553 1005 1657 1046 fuiss‘e
1669 1010 1710 1047 D
1723 1009 1751 1047 E
1763 1013 1798 1049 U
1810 1010 1871 1048 M.

1078 1080 1150 1105 nec
1169 1068 1328 1110 mirum3
1362 1067 1453 1104 curn
1469 1064 1594 1119 &iple
1617 1068 1650 1105 S.
1664 1065 1869 1120 Dionyfius

1077 1126 1308 1179 Areopagita
1322 1119 1508 1163 confess'us
1524 1122 1636 1163 fuerit
1648 1153 1656 1168 ,
1690 1123 1723 1163 ie
1742 1126 1873 1165 Deam

1077 1181 1185 1222 illam
1211 1181 1445 1221 crediturum
1456 1180 1558 1221 fuisse
1572 1211 1580 1227 ,
1614 1181 1679 1220 nili
1696 1182 1789 1222 fides
1808 1198 1874 1223 ex-

1080 1238 1199 1297 presse
1211 1243 1447 1280 contrarium
1460 1238 1690 1295 persualillet.
1720 1243 1871 1296 Qam-

1081 1298 1135 1341 vis
1169 1313 1261 1355 ergo
1300 1300 1480 1338 MARiAM
1501 1297 1572 1338 effe
1592 1300 1772 1344 DEUM,
1814 1299 1871 1339 di-

1082 1356 1252 1398 cendum
1277 1356 1440 1396 minime
1459 1355 1501 1396 fit
1526 1375 1535 1402 5
1581 1370 1711 1397 tamen
1734 1372 1872 1398 omnes

1083 1415 1166 1456 aliae
1185 1414 1424 1455 excellentiae
1453 1414 1580 1455 eidem
1607 1414 1689 1455 lunt
1719 1415 1874 1457 attribu-

1084 1474 1220 1519 endae,
1251 1473 1326 1529 ipsa
1378 1476 1497 1513 etiam
1544 1473 1845 1528 impeccabilitas
1867 1505 1878 1521 ‚

1085 1548 1169 1588 quae
1188 1531 1279 1573 licet
1292 1530 1359 1572 soli
1380 1533 1421 1572 D
1434 1533 1463 1571 E
1481 1534 1520 1572 O
1540 1531 1582 1571 fit
1595 1536 1747 1587 propria
1771 1561 1780 1578 ,
1813 1548 1880 1589 per

1085 1605 1283 1632 naturam:
1315 1589 1570 1630 nihilominus
1609 1605 1674 1645 per
1715 1594 1877 1647 gratiam

1083 1652 1365 1691 communicari
1382 1664 1465 1689 non
1490 1647 1663 1703 implicat
1680 1663 1782 1704 purae
1795 1665 1876 1690 cre·

1084 1722 1219 1754 aturae‚
1251 1721 1366 1764 prout
1399 1709 1484 1747 aetu
1508 1709 1665 1747 MAR1AE
1689 1707 1743 1748 est
1767 1723 1878 1752 com-

1083 1770 1298 1811 municata,
1328 1768 1369 1805 in
1381 1764 1457 1819 qua
1481 1764 1558 1805 hoc
1577 1764 1656 1820 ipso
1687 1765 1778 1805 nulla
1800 1765 1878 1820 Iaefio

1083 1826 1220 1865 inwma
1243 1824 1308 1875 est,
1338 1827 1428 1879 quia
1457 1821 1540 1878 plus
1561 1822 1679 1877 quam
1701 1825 1876 1871 Daniel,

1083 1883 1167 1940 plus
1205 1881 1323 1938 quam
1370 1886 1514 1933 Jonas,
1555 1881 1638 1937 plus
1691 1882 1809 1936 quam
1842 1898 1874 1934 3.

1082 1945 1209 1998 pueri,
1240 1940 1323 1997 plus
1359 1939 1640 1994 quamPaulus,
1674 1955 1719 1981 ac
1735 1956 1872 1982 omnes

1083 1999 1165 2055 alij,
1194 1998 1326 2040 credidit
1337 2000 1436 2038 DEO
1442 1997 1514 2053 fico.

1248 2121 1295 2173 ,οἵ
1315 2126 1366 2167 2.
1399 2109 1698 2165 Authoritas.

1082 2230 1122 2275 S.
1137 2216 1478 2273 RICharDVsa
1514 2223 1825 2271 §.LaVrentIo
1855 2257 1871 2281 ,

1228 2291 1253 2341 a
1273 2290 1391 2339 Labe
1415 2290 1713 2338 DefenDens.

1082 2407 1113 2433 1.
1144 2393 1185 2430 In
1201 2387 1286 2429 nullo
1297 2386 1360 2426 alio
1379 2384 1570 2439 invenitfibi
1594 2387 1765 2428 Thronum
1777 2405 1870 2430 mun-

1139 2448 1240 2494 dum,
1273 2446 1350 2502 quia
1383 2443 1421 2483 de
1458 2443 1530 2500 ἐμά’
1547 2444 1620 2500 fild*
1646 2444 1709 2485 dici
1732 2449 1832 2503 potest
1860 2465 1870 2487 τ

1136 2508 1223 2547 'Ena
1230 2503 1367 2562 pulchra
1390 2518 1422 2542 es
1442 2503 1546 2541 amica
1573 2519 1654 2549 mea,
1684 2513 1723 2547 ύ-
1741 2507 1869 2546 macula.

1134 2582 1196 2609 non
1208 2565 1247 2616 est
1270 2564 1303 2603 in
1325 2562 1385 2602 Ίέ.
1415 2562 1479 2601 De
1496 2561 1614 2601 Laud.
1640 2566 1748 2620 Virg.
1774 2563 1796 2604 l.
1812 2580 1865 2605 10.

1077 2663 1110 2689 2,
1139 2641 1327 2694 ‘MARIA
1339 2638 1449 2679 habuit
1466 2655 1564 2679 comm
1583 2640 1766 2687 virtutum,
1796 2645 1868 2699 qui,

1133 2698 1192 2739 bm
1207 2698 1357 2750 Christum
1374 2727 1386 2744 ‚
1415 2709 1509 2754 caput
1525 2697 1641 2752 ficum,
1659 2703 1838 2743 exornavit
1854 2732 1865 2748 ‚

1137 2771 1239 2797 totum
1249 2756 1426 2796 attribuens
1434 2757 1548 2812 gratiae
1560 2759 1641 2811 ejus,
1653 2765 1716 2800 (rc.
1740 2765 1779 2800 ά·
1788 2761 1866 2815 quia

1132 2815 1197 2869 fine
1197 2813 1328 2870 fizrcim?
1339 2827 1540 2871 peccatorum
1542 2815 1612 2869 fuit
1634 2844 1644 2861 ,
1676 2823 1714 2858 &¹
1719 2815 1789 2870 fine
1805 2818 1866 2858 hu-

1134 2889 1219 2913 more
1252 2873 1386 2927 alicujus
1424 2872 1664 2928 concupiscentiae
1691 2874 1833 2915 carnalis
1853 2906 1865 2924 ,

1137 2940 1176 2975 ὠ·
1185 2930 1253 2985 fine
1273 2946 1379 2970 amore
1413 2931 1617 2972 terrenitatis.
1658 2933 1722 2973 De
1746 2933 1864 2977 Laud.

1136 2993 1241 3047 Virg.
1268 2988 1291 3029 l.
1311 3005 1357 3030 12.

1113 3189 1229 3250 Oo
1272 3205 1299 3263 3
1726 3195 1820 3264 53.

1888 2274 2018 2332 590·
