2164 3413
776 102 1099 184 Conceptus
1153 102 1389 167 LXXssi.

232 192 259 235 fi
287 194 735 237 excommunicationem
761 194 888 237 secum
906 211 1020 237 mun-

232 251 286 293 do
319 255 456 295 inferre
484 253 697 310 quemlibet
721 269 853 294 recens
886 268 1022 295 natum

232 311 466 357 infantulum
499 341 509 359 ,
553 311 665 352 omni*
686 311 746 368 spe
768 313 817 352 ad
837 326 1022 353 aeternam

233 371 518 412 Beatitudinem
540 399 550 416 ,
580 370 884 426 Sanfmrumque
913 386 1022 411 com-

232 432 463 470 munionem
487 428 684 486 praeclusa,
715 429 782 469 nifi
803 429 851 469 ad
867 433 1024 470 Sacrum

232 488 474 543 Baptismatis
496 487 691 528 lavacrum
717 487 1024 528 reconciliandus

231 549 438 602 pertigerit,
456 560 574 586 nemo
586 545 659 589 est,
681 548 746 600 qui
769 545 916 586 nesciat.
980 547 1023 585 In

231 602 441 645 collatione
464 618 557 660 ergo
586 607 620 645 S.
645 606 827 660 Baptismi
843 631 855 648 ‚
883 607 1025 660 praevio

233 662 367 702 Crucis
390 662 497 719 signo
517 692 528 708 ‚
560 661 693 704 leveris
726 662 1025 716 adjurationibus

233 721 347 760 Satan
368 720 590 777 expellitur,
619 720 926 776 perhaecverba:
954 721 1027 759 Exi

231 776 275 816 ab
295 794 328 817 eo
338 779 497 819 immunde
505 779 642 835 spiritua·
652 779 665 817 .’
687 787 751 822 &a
770 779 943 835 recognoſse
951 778 1025 834 sen-

230 837 367 876 tentiam
378 851 467 877 tuam
482 867 492 883 ,
524 845 562 880 ὠ·
579 836 622 876 da
644 837 789 877 honorem
806 839 907 877 DEO
917 839 1022 883 vivo,

231 901 271 936 (9·
285 907 362 935 ‘vero
379 914 386 936 ε
417 894 460 935 da
481 895 626 936 honorem
646 898 770 944 JESLI
795 897 1021 950 CHRISTO,

231 953 270 992 F
271 953 324 992 ilio
340 956 420 1009 ejue,
431 962 470 996 ά·
481 955 611 1011 Spiritui
625 954 792 999 Sanflffl&
801 953 905 994 recede
917 953 960 993 ab
969 953 1026 993 hoc

222 1011 350 1065 famulo
362 1013 474 1058 DEI,
501 1020 566 1055 &a
604 1011 666 1052 sed
682 1012 795 1067 quid?
835 1014 937 1068 Ergo
965 1014 1025 1051 in-

231 1068 314 1109 fans
340 1070 405 1111 hic
420 1069 634 1111 miserculus
646 1070 694 1111 ab
716 1069 795 1126 ipso
810 1075 927 1110 etiam
948 1070 1025 1110 dae-

230 1142 352 1168 mone
376 1127 430 1169 est
441 1127 624 1169 obsessus?
656 1128 748 1170 imo.
781 1143 878 1183 quot
894 1142 1023 1169 autem

229 1185 410 1227 illorum.>
442 1200 506 1228 aut
521 1187 675 1234 fiunus,
703 1188 807 1241 cujus
822 1191 993 1228 nominis
1012 1200 1022 1228 ἓ

229 1243 384 1285 fortasse
395 1247 497 1302 Legio
512 1247 538 1285 ,θ’
565 1252 639 1288 &c.
700 1245 840 1287 Audite
857 1275 866 1292 ,
899 1251 940 1287 &
954 1245 1025 1286 ob-

229 1301 447 1359 stupescite!
480 1308 652 1345 Unicum
689 1303 794 1345 adest
820 1319 1025 1361 peccatum

229 1362 441 1419 originale:
475 1366 591 1403 unica
627 1362 840 1403 animulam
865 1363 1026 1420 possidet

229 1422 441 1475 iniquitatis
453 1421 701 1462 haereditariae
717 1421 838 1467 labes,
872 1437 956 1477 quae
968 1421 1025 1462 so-

227 1477 265 1518 la
280 1493 431 1521 tantum
460 1479 583 1526 valet,
613 1495 657 1520 ac
683 1479 707 1520 fi
723 1479 886 1521 diabolis
913 1480 1027 1536 plena

230 1536 320 1578 effet
335 1551 526 1585 creatura,
558 1553 644 1593 quae
659 1552 841 1594 praeterea
853 1542 1026 1579 animam

230 1595 358 1637 reddit
378 1598 495 1638 DEO
522 1595 670 1637 summe
707 1596 976 1653 displicentem
1010 1626 1020 1643 ,

230 1653 437 1711 gratiaeque
460 1657 617 1696 Divinae
642 1658 938 1712 participatione
958 1669 1023 1711 pe«

230 1715 334 1753 nitus
357 1713 584 1769 indignam:
614 1727 657 1754 ut
686 1728 780 1770 ergo
798 1712 1023 1755 solvaturdi-

231 1773 290 1811 &a
309 1774 667 1827 excommunicatio
685 1800 695 1818 ,
726 1771 898 1828 gratiaeq3
920 1772 1022 1813 obex

228 1844 453 1870 amoveatur
473 1858 484 1876 ,
521 1832 602 1870 Awe
620 1832 738 1870 etiam
761 1830 826 1887 ipsi
841 1828 863 1870 ὲ
886 1830 1024 1871 δαηθεὲι

225 1889 352 1928 Matre
370 1887 535 1928 Ecclesia
551 1889 628 1928 dici
651 1888 760 1944 poffit
776 1915 787 1932 ‚
819 1891 1023 1945 Baptizan-

222 1945 292 1986 dus
318 1946 372 1987 est
394 1946 539 1994 insan53
572 1950 662 2002 quia
688 1962 756 2004 per
784 1946 862 1987 hoc
890 1950 1021 1988 Sacra-

221 2019 401 2046 mentum
432 2020 542 2061 porta
564 2005 613 2046 ad
636 2008 771 2046 omnia
799 2005 945 2060 reliqua
963 2021 1020 2046 re-

224 2062 363 2104 seratur
384 2066 650 2105 :Communio
666 2066 1018 2110 Sanetorum,aeter-

221 2121 357 2176 naeque
380 2123 512 2178 gloriae
526 2123 649 2163 aditus
677 2122 808 2163 denuo
824 2127 989 2179 aperitur
1007 2143 1015 2163 :

215 2181 337 2236 placita
349 2181 508 2222 tandem
534 2183 635 2220 DEO
643 2183 751 2220 anima
763 2181 921 2221 infantis
932 2182 1016 2222 red-

221 2238 344 2285 ditur,
375 2254 510 2295 utpote
539 2240 587 2280 ab
609 2239 723 2281 omni
742 2241 819 2294 jam
835 2239 921 2280 labe
944 2243 1016 2280 ini-

220 2301 374 2351 quitatis
405 2302 555 2354 penitus
581 2298 729 2342 abluta,
760 2304 801 2340 &
834 2297 1013 2339 absoluta.

221 2357 296 2396 His
320 2357 442 2397 modo
459 2356 674 2413 suppotkis,
706 2361 789 2411 quis
811 2356 938 2398 dicere
949 2372 1015 2398 au-

221 2415 311 2455 deat
324 2441 334 2458 ,
367 2418 552 2456 MAmAM
569 2444 579 2460 ‚
619 2414 874 2472 digniffimam
895 2415 1015 2459 Verbi

220 2475 408 2514 incarnati
422 2477 665 2516 Genitricem
680 2503 690 2519 ,
721 2473 825 2512 hunc
844 2472 1017 2528 aliquan-

222 2531 275 2572 do
294 2531 465 2588 spiritum
479 2533 717 2588 malignum,
745 2531 932 2588 originale
948 2533 1015 2573 sci-

222 2589 313 2631 licet
331 2606 534 2646 peccatum
548 2620 558 2636 ,
590 2595 629 2631 in
644 2589 773 2630 anima
784 2589 986 2632 sustinuisse
1002 2603 1014 2632 t

223 2660 304 2688 tam
320 2649 496 2706 improba
512 2649 614 2690 certe
624 2678 633 2695 ,
644 2664 688 2689 ac
701 2651 834 2703 iniqua
844 2648 918 2689 sors
929 2662 1014 2690 tan-

223 2721 311 2763 gere
333 2709 513 2749 MARIAM
542 2706 706 2748 minime
730 2720 902 2763 poterat,
930 2722 1015 2762 quae

221 2780 299 2822 prae
325 2767 500 2807 univerfis
524 2770 637 2807 unica
660 2769 859 2811 creaturis,
895 2762 1016 2807 oculis

222 2822 398 2865 Altisfimi
428 2840 584 2882 accepta
598 2824 669 2866 fuit
697 2841 705 2865 :
736 2827 797 2865 cui
827 2824 1015 2881 Angelus,

223 2884 265 2924 D
282 2884 311 2921 E
326 2884 339 2921 I
356 2886 511 2923 nuntius
523 2913 533 2929 ,
568 2900 649 2924 non
663 2895 814 2925 tantum
828 2884 909 2923 Ave
933 2899 1016 2924 non

222 2941 390 2996 denegat
405 2970 414 2986 ,
446 2939 507 2981 sed
521 2942 631 2998 gratiaA
649 2941 797 2999 insuper
806 2941 938 2998 plenam
957 2940 1009 2982 sa-

223 2998 340 3045 lutat,
371 2999 634 3041 acsidiceret:
665 3002 746 3042 Ave
777 3001 853 3040 fine
875 3015 1011 3056 pecca-

223 3060 289 3098 to!
322 3059 402 3097 Ave
418 3057 493 3098 fine
509 3058 677 3099 macula!
708 3059 789 3100 Ave
801 3059 877 3099 sine
889 3072 1012 3106 naevo‚

225 3115 286 3156 seu
311 3115 397 3157 labe
420 3119 651 3172 iniquitatis!
682 3119 763 3158 Ave
781 3117 1013 3175 placitaDEO

227 3175 359 3222 anima3
389 3179 477 3231 quia
501 3175 610 3217 illum
630 3190 863 3232 conceptura
879 3205 888 3222 ‚
922 3191 1012 3233 pro-

1069 200 1265 254 genitura,
1292 199 1472 240 laetatura
1489 230 1499 246 ‚
1536 205 1602 255 qui
1632 211 1768 244 ornnes
1794 220 1867 246 ηο-

1071 256 1158 295 stras
1174 257 1339 298 maculas
1360 259 1617 314 pretioiissimo
1642 262 1705 302 luo
1721 263 1867 319 sangui-

1071 329 1121 354 ne
1134 314 1187 354 est
1198 315 1401 356 diluturus!
1416 319 1524 357 Hinc
1539 317 1630 359 licet
1645 334 1716 360 nos
1732 332 1868 362 omnes

1071 375 1112 411 in
1147 374 1409 427 iniquitatibus
1446 375 1625 417 fuerimus
1664 383 1866 435 concepti,

1072 431 1227 471 Davide
1251 433 1376 474 nihilo
1394 433 1591 481 meliores,
1624 439 1688 489 qui
1711 437 1759 476 de
1785 437 1863 493 ipio

1073 488 1251 529 testatur:
1281 494 1365 530 Ecce
1386 493 1468 531 enim
1490 493 1524 531 in
1544 494 1765 550 iniquitatibus
1792 511 1864 535 con3

1073 549 1253 602 cepttusicm
1265 578 1275 594 ‚
1307 557 1346 592 ὠ·
1365 551 1398 589 in
1407 552 1545 606 peccatos
1570 554 1704 608 concepit
1724 569 1772 592 me
1793 565 1863 593 ‘maa

1073 619 1121 643 ter
1139 621 1230 652 mea5
1256 610 1447 663 properavit
1482 619 1614 649 tamen
1655 612 1803 655 Divina
1823 615 1864 653 in

1074 664 1245 704 Matrem
1258 664 1424 707 futuram
1437 670 1557 723 pietas
1574 697 1584 714 ,
1605 684 1648 709 ac
1660 671 1865 724 providen-

1076 723 1152 771 tia„
1182 721 1309 762 educere
1326 723 1450 770 illam,
1486 741 1563 781 prae
1579 722 1758 768 omnibus
1772 728 1865 783 alijs,

1074 777 1112 817 de
1127 778 1227 819 medio
1239 782 1467 837 iniquitatum,
1500 784 1620 831 idest,
1650 787 1689 826 in
1703 785 1783 842 ipso
1793 791 1868 843 pri-

1074 851 1143 877 mo
1172 839 1455 895 Conceptionis
1477 841 1654 889 instanti,
1684 843 1789 885 illam
1811 845 1870 885 so-

1073 893 1175 941 lam,
1209 912 1256 937 ex
1267 898 1448 937 omnibus
1471 901 1511 938 in
1542 903 1741 956 iniquitate
1755 907 1869 959 origi-

1074 952 1155 993 nali
1176 960 1396 1011 conceptis,
1427 956 1764 1000 misericordissime
1777 976 1869 1016 prae-

1074 1011 1238 1053 servavit.
1304 1017 1448 1054 Dicere
1469 1014 1555 1059 hic,
1580 1018 1659 1070 jure
1688 1023 1839 1074 optimo
1857 1050 1868 1065 ,

1074 1072 1221 1110 MARIA
1237 1085 1386 1128 poterat
1417 1072 1511 1114 illud
1523 1074 1650 1116 Pialtis
1664 1078 1796 1133 Regij:
1827 1080 1868 1117 In

1074 1128 1130 1168 hoc
1146 1131 1278 1186 cognovi
1292 1160 1302 1176 ,
1340 1133 1487 1187 quoniam
1506 1133 1631 1188 voluisti
1651 1151 1723 1181 me3
1756 1138 1865 1192 quoni—

1075 1204 1127 1227 am
1149 1204 1210 1227 non
1239 1187 1393 1244 gaudebit
1412 1191 1558 1230 inimicus
1579 1208 1666 1232 meua
1677 1193 1773 1251 super
1796 1211 1867 1236 me:

1075 1262 1123 1285 me
1142 1261 1250 1285 autem
1258 1259 1388 1304 propter
1408 1249 1618 1290 innocentiam
1626 1251 1801 1308 fifiepisti,
1832 1262 1871 1296 &-

1074 1305 1259 1362 confirmt‘istz'
1284 1308 1375 1345 mein
1401 1307 1559 1363 conspeflu
1581 1323 1634 1348 tuo
1656 1312 1689 1349 in
1711 1326 1869 1353 :eternum

1074 1364 1114 1403 id
1125 1363 1179 1403 est
1197 1381 1204 1403 :
1235 1365 1279 1404 In
1292 1364 1370 1405 hoc
1382 1365 1542 1406 demum
1554 1367 1720 1424 perspexi
1731 1399 1740 1415 ,
1753 1369 1871 1424 quam

1071 1422 1193 1479 placita
1204 1422 1248 1463 fit
1264 1422 1331 1462 tibi
1344 1425 1455 1462 anima
1467 1438 1554 1465 mea
1567 1443 1573 1465 :
1591 1441 1669 1480 quo
1686 1442 1749 1468 me
1760 1444 1870 1470 amos

1076 1496 1136 1526 re,
1169 1479 1355 1522 &affeetu
1367 1481 1619 1538 superomnes
1644 1485 1734 1526 alias
1765 1502 1869 1528 crea-

1076 1553 1174 1580 turas
1190 1539 1443 1595 prosequaris3
1466 1543 1557 1581 cum
1568 1543 1648 1596 jam
1667 1545 1771 1588 inde,
1786 1558 1869 1587 non

1075 1597 1124 1638 ab
1146 1597 1388 1640 incunabulis
1419 1602 1598 1647 tanturn,
1623 1600 1685 1642 sed
1706 1601 1728 1643 ὲ
1742 1607 1870 1659 primo

1074 1657 1359 1712 Conceptionis
1396 1672 1493 1698 meae
1528 1660 1711 1708 articulo,
1743 1676 1871 1717 prote-

1074 1717 1212 1755 ctionis
1235 1729 1308 1756 tuae
1320 1714 1492 1756 umbone
1513 1731 1577 1757 me
1589 1731 1730 1759 tutatus
1746 1720 1871 1769 fueris,

1074 1772 1213 1828 Teque
1225 1773 1346 1829 ipsum
1366 1777 1442 1814 mei
1464 1774 1701 1817 defensorem
1714 1807 1724 1823 ,
1737 1775 1871 1820 adver-

1071 1833 1131 1871 sus
1153 1832 1472 1878 cacodaemones,
1501 1833 1627 1874 hostes
1649 1850 1757 1877 meos
1771 1839 1872 1891 jura-

1071 1889 1228 1929 tiffimos
1255 1890 1488 1936 ostenderis,
1530 1892 1578 1932 ad
1611 1893 1871 1948 adjuvandum

1071 1962 1135 1987 me
1148 1947 1332 1988 festinaris
1342 1978 1352 1994 ‚
1367 1948 1491 2005 ficqtie
1500 1954 1728 2006 properaveris
1743 1953 1873 1995 educere

1072 2008 1214 2046 animam
1224 2023 1326 2046 meam
1338 2006 1376 2046 de
1386 2007 1486 2047 medio
1499 2009 1714 2065 iniquitatum,
1727 2026 1768 2052 ut
1784 2014 1869 2054 nul-

1068 2065 1151 2106 lum
1163 2064 1226 2105 sibi
1245 2067 1300 2120 jus
1322 2068 1361 2105 in
1373 2081 1437 2106 me
1448 2067 1652 2108 vendicare
1675 2084 1784 2111 orcus
1797 2086 1867 2128 po·

1069 2127 1200 2169 tuerit,
1233 2138 1297 2164 aut
1308 2127 1516 2165 minimam
1540 2125 1719 2181 glorandi
1752 2144 1867 2171 occa-

1067 2182 1215 2223 fionem
1236 2182 1411 2222 habuerit
1428 2212 1438 2229 ‚
1471 2184 1574 2238 quasi
1603 2184 1663 2226 vel
1679 2186 1800 2229 ullum
1824 2192 1865 2230 in

1065 2244 1238 2282 animam
1283 2256 1413 2281 meam
1432 2241 1615 2283 delictum
1640 2246 1826 2301 irrepserit
1851 2277 1863 2294 ,

1064 2299 1087 2340 a
1103 2314 1182 2354 quo
1213 2314 1277 2338 me
1299 2299 1438 2355 praevie
1478 2298 1655 2342 educi-am
1698 2306 1738 2344 in
1779 2320 1864 2361 gra-

1064 2358 1118 2400 tia
1166 2357 1402 2398 confirmasti
1429 2384 1440 2401 2
1477 2356 1711 2416 dignamque
1764 2363 1863 2406 Filio

1064 2430 1134 2457 tuo
1174 2418 1346 2456 Matrem
1372 2414 1420 2457 ab
1458 2431 1603 2458 aeterno
1656 2420 1859 2462 destinasti.

1065 2477 1166 2530 Qae
1185 2477 1276 2514 cum
1296 2477 1347 2515 ita
1370 2475 1441 2516 fint
1457 2504 1467 2520 ,
1490 2491 1534 2517 ac
1549 2474 1702 2532 placitam
1736 2476 1821 2520 DE
1833 2486 1862 2521 0

1063 2534 1229 2579 animam,
1250 2532 1320 2587 fine
1341 2532 1412 2573 labe
1443 2535 1620 2591 iniquitatis
1636 2565 1645 2581 ,
1667 2537 1744 2577 fine
1775 2538 1881 2580 dira·

1063 2595 1479 2633 excommunicationis
1495 2593 1690 2650 originalis
1711 2595 1860 2637 senten-

1063 2650 1116 2691 tia
1127 2676 1137 2696 s
1154 2651 1335 2691 MAR1AM
1348 2650 1530 2691 haetenus
1543 2652 1855 2708 perspexerimust

1064 2721 1313 2765 properemus
1329 2712 1369 2749 in
1388 2725 1509 2750 unum
1521 2724 1658 2751 omnes
1680 2742 1690 2757 ‚
1719 2717 1857 2755 imma-

1063 2765 1201 2808 culatae
1241 2767 1331 2808 huic
1347 2771 1498 2824 Virgini
1533 2769 1857 2825 gratulabundum

1065 2826 1146 2867 Ave
1161 2825 1388 2882 depromere
1407 2838 1625 2883 :properemus
1638 2834 1677 2869 &c
1695 2843 1764 2869 nos
1780 2829 1856 2870 edu--¹

1064 2900 1131 2925 cere
1154 2884 1241 2924 illam
1272 2883 1310 2923 de
1324 2885 1424 2924 medio
1445 2886 1652 2941 iniquitatum
1672 2915 1682 2931 ‚
1726 2902 1791 2928 ore
1810 2904 1855 2930 ac

1058 2942 1211 2984 calamo
1222 2971 1232 2988 ,
1259 2943 1550 2997 quibuscunque
1566 2944 1762 2999 puriffimae
1777 2949 1855 2999 ejus

1061 3002 1346 3057 Conceptionis
1393 3000 1564 3041 hostibus
1592 3001 1749 3043 viriliter
1773 3006 1856 3046 refia

1063 3059 1222 3106 stendo,
1253 3072 1295 3099 ut
1315 3064 1355 3100 &
1375 3058 1450 3114 ipsa
1471 3087 1482 3104 ‚
1513 3061 1769 3114 potentiffima
1793 3058 1855 3104 sua

1062 3120 1349 3158 interventione
1379 3145 1389 3161 ‚
1413 3128 1559 3173 properet
1593 3118 1721 3159 educere
1753 3132 1853 3166 nos,

1059 3180 1098 3215 de
1121 3174 1220 3215 medio
1249 3175 1454 3232 iniquitatum
1474 3176 1611 3216 mundi
1643 3176 1750 3232 hujus
1780 3182 1854 3221 im-

1116 3236 1154 3274 Ii
1717 3250 1829 3277 mun-

1883 486 1950 516 Psal.
1963 496 2010 525 50.

1881 540 1910 559 v.
1919 540 1946 566 7·

1890 1121 1956 1150 Psal·
1967 1131 2013 1158 40.

1891 1174 1918 1193 v,
1934 1173 2015 1199 12.&

1893 1215 1935 1243 13-
