2164 3413
0 287 181 372 {292

56 2400 178 2456 295.

761 99 1098 184 Conceptus,
1180 102 1343 167 XLn.

384 222 422 271 5.
449 210 500 267 6.
543 215 840 292 Antiquitas.

293 311 492 369 TeMpLI
513 309 723 371 Epheslnl
742 345 756 368 ,
786 313 949 360 Dlanae

373 382 588 437 VoCatI‚
619 380 869 428 leeratlo.

331 482 498 537 Empore
517 510 528 528 ‚
554 497 633 537 quo
661 482 818 537 jubente
854 480 1020 522 Alexan-

350 539 441 586 dro,
466 538 633 596 glorioso
658 541 925 582 Macedonum
943 542 1021 581 Re-

226 610 298 653 ge,
329 598 408 651 jam
420 597 548 654 saepius
572 600 594 640 a
618 599 731 640 nobis
760 598 1018 656 depraedicato

225 657 373 697 Civitas
405 657 595 712 Ephefina
627 658 880 703 destruenda,
913 656 1022 696 flam-

225 714 377 769 miSQue
406 716 606 757 voracibus
641 720 682 757 in
724 716 907 773 pabulum
950 729 1023 754 tra-

224 771 357 813 denda
385 789 466 814 erat
481 804 490 820 ,
532 774 654 816 solum
681 775 729 816 ab
752 773 821 815 illo
845 771 1023 814 horribili

227 831 413 873 incendio
447 832 610 874 liberum
630 833 754 875 voluit
773 835 860 874 Rex
871 835 1020 888 Temp-

227 887 309 930 lum
325 889 440 936 illud,
475 893 582 946 quod
598 895 739 933 Dianae
772 891 982 933 vocabatur
1007 918 1018 935 ‚

227 961 272 988 ac
297 949 552 1005 interseptem
564 950 667 992 orbis
680 949 864 991 miracula
883 964 1020 990 nume-

224 1009 298 1046 rari
308 1007 535 1049 merebatur.
589 1009 752 1051 Causam
764 1007 934 1050 reservati
950 1007 1019 1047 hu-

223 1065 281 1117 jus
291 1065 451 1122 Templi
461 1066 577 1107 aliam
589 1083 672 1108 non
694 1071 873 1113 invenio,
901 1065 1020 1122 quam

222 1123 333 1176 quod
348 1123 442 1164 illud
459 1127 536 1164 Dece
541 1127 697 1182 puritatis
708 1126 881 1166 dicatum
898 1154 909 1171 ,
927 1124 949 1165 a
964 1123 1019 1165 su-

221 1181 437 1237 perstitiofis
451 1184 677 1225 Sacrificulis
697 1184 906 1225 dicebatur.
949 1182 1021 1224 Ea-

222 1254 381 1296 propter
410 1242 460 1283 ad
484 1246 652 1298 primum
672 1243 763 1284 disti
784 1241 942 1299 Templi
961 1245 1020 1282 in-

221 1302 385 1340 troitum
401 1328 412 1345 ,
442 1300 527 1341 haec
544 1305 729 1342 marmori
740 1300 855 1343 verba
879 1301 1020 1347 incidi,

222 1356 419 1413 aureisc'Jue
436 1358 568 1400 litteris
590 1359 748 1401 describi
769 1364 912 1401 curavit
933 1359 1021 1400 Ale-

223 1416 371 1457 xander
388 1434 396 1457 z
419 1419 554 1458 Puritas
574 1418 769 1475 dssruiliom'
787 1434 848 1459 non
871 1419 910 1473 ist
926 1417 1020 1460 obno-

223 1475 293 1515 xia.
315 1478 440 1515 Lucan.
468 1477 493 1517 l.
503 1494 533 1517 1.

311 1533 433 1592 Qod
454 1534 505 1581 fi,
535 1551 584 1575 ex
596 1536 672 1576 hoc
684 1539 801 1576 unico
827 1535 980 1575 motivo
1008 1563 1019 1580 ,

221 1592 436 1649 Templum
445 1595 586 1634 Dianae
596 1621 607 1638 ‚
637 1594 659 1634 a
670 1593 873 1635 communi
883 1597 1017 1633 incen-

219 1649 310 1697 dio,
339 1651 413 1692 effi:
447 1651 610 1694 liberum
632 1657 875 1710 promeruit,
913 1650 1020 1706 quali

1716 127 1811 183 143

1066 199 1194 241 multo
1225 202 1347 258 magis
1371 202 1590 260 privilegio,
1621 210 1662 247 &
1686 204 1860 246 libertate

1069 259 1237 313 gavisum
1252 260 1356 301 fuiffe
1373 262 1584 302 dicendum
1604 267 1674 303 erit
1694 262 1857 319 splendi-

1070 318 1261 359 diffimum
1273 319 1366 360 illud
1384 320 1597 376 Templum
1611 350 1621 367 ,
1639 323 1727 362 Enti
1746 321 1858 378 puriiss

1068 375 1163 416 fimo
1185 376 1232 417 ab
1256 392 1402 419 aeterno
1430 377 1685 434 specialillime
1708 380 1863 420 dedica-

1070 447 1153 474 tum
1164 464 1175 480 ,
1201 438 1242 475 in
1254 451 1332 490 quo
1344 435 1464 492 ipsum
1475 436 1647 480 Verbum
1662 452 1861 484 aeternum,

1070 507 1137 547 per
1147 508 1293 534 novem
1306 494 1457 536 Menses
1469 525 1479 541 ‚
1511 495 1762 552 corporaliter
1784 496 1864 536 sub-

1069 549 1192 592 fistere
1219 552 1443 608 cogitabat?
1475 554 1591 594 Certe
1617 553 1678 610 pie
1705 556 1864 595 creden-

1070 608 1165 648 dum
1196 609 1250 650 est
1275 640 1286 656 ‚
1324 612 1741 667 magnificentiffimum
1778 617 1866 654 Ma-

1071 669 1168 706 riani
1184 666 1293 722 hujus
1309 670 1464 725 Templi
1476 671 1704 715 aedificium,
1734 675 1773 711 in
1791 675 1866 728 pri-

1072 739 1143 765 mo
1173 734 1240 782 per
1275 729 1593 784 Conceptionem
1614 732 1733 770 Mur<
1748 746 1805 770 1AE
1824 734 1865 770 in

1073 783 1212 824 orbern
1237 785 1421 841 ingressu,
1452 791 1572 827 aureis
1596 789 1752 828 Divinae
1775 789 1866 829 chn-

1073 845 1193 883 ritatis
1226 841 1359 884 litteris
1379 873 1390 890 ‚
1421 844 1606 901 insculpta
1640 845 1777 902 geffiffe
1803 863 1864 887 ea-

1068 900 1161 941 dem
1197 900 1272 957 ipsa
1306 902 1515 943 Alexandri
1538 903 1680 944 verba:
1732 907 1866 944 Puritas

1068 958 1262 1014 destrufiioni
1281 976 1343 999 non
1367 961 1407 1015 est
1426 961 1582 1008 obnoxia,
1618 976 1754 1018 utpote
1781 978 1866 1018 qua:

1069 1021 1235 1074 primam
1258 1023 1421 1076 gratiam
1443 1049 1453 1066 ,
1479 1026 1519 1062 &1
1546 1019 1727 1074 justitiam
1751 1025 1866 1077 origi-

1069 1075 1222 1120 nalem,
1246 1093 1447 1132 nunquam
1459 1094 1526 1134 per
1537 1094 1667 1135 turpe,
1699 1095 1743 1121 ac
1755 1096 1865 1121 com·

1070 1149 1189 1177 mune
1201 1139 1349 1176 crimen
1362 1137 1501 1178 destrui
1512 1141 1684 1194 patietur.

1221 1238 1259 1286 §.
1279 1244 1330 1297 7.
1368 1231 1725 1304 Anagrctmma.

1124 1329 1217 1373 EVa
1241 1330 1470 1373 eranDa
1490 1362 1502 1383 ,
1530 1330 1630 1374 sIne
1652 1323 1814 1391 pVgnfi

1333 1400 1602 1457 ConCepta.

1884 1340 2018 1398 294.

1069 1489 1227 1531 Admiror
1239 1490 1298 1533 Te,
1315 1490 1397 1526 Eva
1409 1489 1616 1527 immaculata
1627 1518 1636 1534 ‚
1652 1489 1718 1527 sinc
1732 1485 1864 1545 pugni!

1300 1568 1433 1610 Verrio
1454 1567 1632 1611 litterali&

1098 1649 1180 1690 Ave
1192 1648 1327 1690 Maria,
1334 1646 1559 1703 gratidplena,
1581 1648 1740 1686 Dominus·
1753 1662 1866 1691 tecum,

215 1787 1873 1892 &aenaeaeaafieeaaaaaaeaessaaeeeaaeaa

449 1961 599 2040 De)
629 1959 1004 2067 Concepta
1029 1954 1240 2038 Sacra
1281 1956 1618 2063 Deipara.

544 2122 614 2190 C
636 2117 1234 2192 ONCEPTUS
1317 2114 1580 2189 XLIII.

425 2278 464 2330 ἕ.
483 2287 518 2323 Ι.
553 2275 809 2344 Scriptura.

279 2383 567 2442 ConCeptIo
590 2385 709 2442 era
725 2414 740 2433 ,
768 2386 971 2429 MVnere

468 2454 612 2514 Reglo
640 2455 770 2498 Data.

223 2566 250 2604 3.
269 2554 367 2607 Reg.
385 2568 416 2592 c.
437 2567 488 2593 10.
513 2568 546 2593 v.
563 2566 608 2603 13.
650 2554 728 2607 ἢκ
744 2566 850 2591 autem
867 2554 1015 2595 Salomon

277 2606 363 2649 dedit
374 2613 503 2667 Reginae
522 2611 610 2650 Saba
631 2612 756 2654 omnia,
792 2627 858 2668 quae
878 2613 983 2651 voluit
1002 2639 1013 2656 ‚

277 2677 315 2710 &
323 2671 446 2724 petiuit
457 2669 498 2708 ab
509 2686 562 2712 eo,
595 2670 733 2726 exceptis
755 2668 824 2714 his,
857 2686 922 2726 quae
932 2671 1016 2711 ultro

279 2726 435 2765 obtulerat
446 2729 473 2766 ei
484 2758 495 2774 ,
507 2744 634 2767 munere
651 2729 761 2784 Rjgzb.

305 2817 386 2858 Elix
402 2818 502 2860 certe
530 2823 682 2877 Regina
701 2821 814 2862 Saba!
852 2838 935 2878 quae
955 2822 1016 2864 sua

221 2820 300 2954 F
331 2880 413 2921 tum
445 2879 738 2935 incomparabili
760 2880 1012 2936 pulchritudi-

265 2945 277 2952 ·
330 2951 391 2980 ne,
409 2939 492 2976 tum
513 2936 715 2978 suaviflima
734 2954 888 2980 morum
901 2956 1010 2982 com-

220 2994 407 3051 positione
431 3023 441 3040 ,
473 2994 571 3034 adeo
607 2995 861 3052 sapientiffimi
893 3002 1010 3056 Regis

216 3056 423 3109 captivavit
454 3056 628 3093 animum
647 3084 658 3099 ,
689 3071 733 3095 ac
775 3056 1010 3099 benevolen-

217 3118 311 3152 tiam
328 3141 338 3157 ‚
368 3126 409 3151 ut
427 3126 509 3151 non
532 3110 653 3151 iolum
680 3113 790 3154 facile
818 3120 852 3155 ei
869 3116 981 3157 fuerit
997 3147 1006 3161 ‚

218 3174 352 3211 omnia
370 3169 576 3211 defiderata
590 3185 661 3226 pro
682 3186 778 3214 voto
791 3177 1006 3230 impetrare,

1067 2250 1202 2291 verum
1224 2250 1343 2288 etiam
1357 2246 1525 2304 plurima
1552 2248 1702 2305 insuper
1734 2246 1862 2297 dona,

1066 2322 1227 2348 munere
1265 2308 1392 2361 Regio
1414 2306 1652 2363 superaddita
1666 2335 1678 2351 ,
1715 2308 1762 2349 ab
1800 2309 1864 2350 ea-

1066 2367 1159 2406 dem
1171 2365 1424 2406 liberaliilima
1443 2369 1559 2423 Regis
1576 2382 1694 2407 manu
1702 2383 1862 2424 accepe-

1066 2427 1124 2464 rit.
1185 2428 1246 2465 Sic
1261 2426 1367 2463 enim
1390 2427 1502 2465 Sacra
1522 2441 1592 2465 nos
1622 2425 1770 2466 instruit
1785 2429 1862 2467 Hi-

1065 2482 1192 2528 storia,
1207 2483 1338 2522 dicens
1356 2499 1363 2521 z
1398 2485 1476 2537 Ῡίςκ
1490 2500 1596 2523 autem
1608 2485 1755 2523 Salomon
1771 2485 1861 2525 dedic

1064 2542 1196 2596 Reginae
1208 2540 1294 2580 Saba
1309 2542 1427 2587 omnia,
1443 2558 1507 2598 quae
1518 2543 1624 2582 woluit
1636 2572 1644 2587 ,
1678 2551 1716 2585 ὅ]-
1737 2546 1860 2600 petivit

1062 2599 1146 2637 abeo
1162 2627 1171 2644 ‚
1204 2600 1340 2654 exceptu·
1355 2599 1404 2639 Ιπές
1416 2627 1428 2643 ,
1463 2617 1529 2657 quse
1540 2601 1623 2640 ultr&
1643 2601 1800 2641 obtulerat
1812 2604 1839 2641 ci
1848 2631 1859 2648 ,

1065 2673 1192 2697 munere
1203 2659 1312 2712 Qio.

1152 2716 1225 2756 Sed
1250 2713 1343 2769 quid
1368 2713 1452 2756 haec
1490 2715 1596 2756 dona
1627 2720 1785 2763 omnia,
1816 2721 1859 2759 in

1065 2777 1358 2829 comparatione
1369 2773 1526 2814 illorum
1536 2773 1731 2815 donorum
1741 2804 1750 2821 ,
1774 2790 1859 2830 quae

1064 2832 1253 2887 puriffima
1275 2834 1459 2873 Numinis
1475 2835 1654 2874 Genitrix
1686 2833 1708 2873 ἐι
1733 2833 1856 2890 supre-

1062 2904 1130 2930 mo
1150 2890 1219 2930 illo
1247 2893 1401 2946 Regum
1423 2893 1531 2947 Rege
1560 2920 1571 2937 ‚
1604 2907 1648 2931 ac
1674 2894 1857 2934 Domino

1060 2950 1368 2989 Dominantium
1383 2978 1393 2994 ‚
1425 2949 1660 2989 meritiffimo
1675 2951 1755 3003 jure
1785 2951 1856 2991 ob-

1058 3009 1173 3047 tinuit
1185 3020 1195 3047 .>
1224 3007 1348 3047 Dedit
1368 3006 1470 3047 certe
1483 3007 1659 3048 Coelestis
1671 3009 1734 3048 hic
1747 3009 1853 3051 Salo-

1058 3078 1155 3104 mon
1171 3065 1539 3108 MAR1AE2destinatae
1552 3066 1758 3107 Coelorum
1773 3071 1851 3109 Re-

1058 3125 1176 3177 ginae,
1210 3121 1427 3178 proprijdue
1440 3126 1785 3180 Unigenitifuturae
1806 3130 1847 3166 in

1058 3184 1164 3223 terris
1185 3184 1397 3228 Genitrici‚
1427 3187 1740 3239 aggregationem
1762 3200 1844 3224 om-

1710 3257 1817 3282 nium
