2164 3413
46 494 131 536 Setm.
142 507 170 534 in

45 547 179 587 Affumpt.

35 932 102 961 Psal.
117 939 161 963 18.

28 984 66 1003 fv.
75 985 99 1004 7.

0 1238 2 1242 ‚
40 1247 189 1289 Ptolog.de

41 1293 72 1320 V.
84 1292 127 1320 M.

39 1678 188 1714 Jo.8‚V.1².

38 2087 158 2125 Part.14.

35 2137 176 2166 contemp·

37 2168 182 2204 13.dtB.V.

789 72 1109 153 Conceptus
1189 73 1314 133 LV.

208 163 379 211 excedit,
420 179 461 205 ut
481 165 570 211 sint,
603 164 709 219 quasi
741 180 822 206 non
838 166 927 212 fint,
957 171 997 206 ὃς

210 223 330 263 videri
341 238 421 264 non
435 224 591 279 postint:
631 227 685 264 ita
701 228 821 279 Virgo
837 224 998 264 Beatissi-

209 295 276 320 ma
287 283 490 322 Beatorum
501 284 679 322 omnium
694 311 704 327 ,
735 282 928 322 stellarum
940 288 998 321 in-

211 338 305 384 star,
337 343 377 379 in
389 339 509 381 Coelis
531 340 763 381 radiantium
785 340 998 381 claritatem

210 399 428 437 eminenter
454 397 606 438 excedit
624 427 634 444 ‚
667 398 827 439 testante
851 399 927 438 hoc
943 402 999 454 ip-

212 454 292 494 sum
316 458 370 496 D.
382 458 494 496 Petro
511 458 711 497 Damiano
731 487 741 503 ‚
771 457 829 496 his
853 456 998 498 verbis:

213 515 263 552 ‘JM
276 518 318 551 A
325 516 398 568 RI
400 516 442 553 A
459 516 532 554 ‘veri
549 517 678 571 praew'a
707 516 856 561 luminis,
889 516 922 554 in
946 514 1003 554 illd*

211 572 407 627 inacceffbili
418 573 705 628 luceperlucensfic
718 574 918 629 utrorumq‘ue
928 573 998 630 Spi-

213 630 330 669 rituum
348 629 472 670 hebetat
485 629 670 687 dignitatem
685 660 696 677 ,
727 646 762 670 ut
783 633 815 670 in
836 643 1000 688 compara-

212 688 296 726 tione
304 689 343 727 V
341 689 452 744 irgimis
463 705 518 727 nec
526 691 639 745 poffint
649 719 659 735 ‚
694 705 747 729 nec
758 688 891 730 debeam
902 702 1000 746 appa-

212 761 293 785 rere.
353 750 456 787 Sicut
477 747 543 788 Sol
573 748 753 788 omnibus
776 746 876 788 lucet
897 777 907 793 ,
940 752 999 787 in-

213 802 318 844 fluxu
334 802 396 845 suo
423 809 557 845 omnia
585 807 783 847 conservat
801 834 811 852 ,
841 805 1000 846 illustrat

213 861 345 915 radijs,
375 862 550 904 calefacit
576 865 731 910 ardore,
762 878 882 905 nemo
895 867 999 905 inve-

212 923 336 966 nitur,
369 923 423 978 qui
435 922 466 975 ste
484 922 653 977 abfiondat
670 924 690 962 ἃ
710 923 812 962 calore
828 924 915 978 ejus,
948 926 999 963 ita

211 980 358 1019 MARm
375 984 414 1019 in
431 995 567 1022 omnes
581 996 761 1022 maternae
773 980 843 1021 suae
859 980 999 1021 miseri-

210 1037 351 1078 cordiae
370 1039 494 1079 radios
513 1036 714 1085 diffundit,
747 1039 905 1080 clientes
917 1038 997 1080 suos

210 1098 251 1135 in
267 1094 374 1136 bono
396 1096 609 1141 conservat,
642 1097 880 1139 intelleetum
910 1097 998 1138 illo-

209 1168 294 1194 rum
321 1154 544 1196 illustrando
568 1185 578 1201 ‚
609 1156 837 1212 Divinoque
861 1171 992 1197 amore

208 1212 584 1254 corinflammando:
616 1229 656 1254 ut
675 1214 775 1255 bene
790 1215 838 1255 de
850 1215 894 1255 ea
906 1217 993 1256 Do-

208 1270 381 1311 stiffimus
404 1273 529 1312 Idiota
549 1273 687 1313 dixerit
710 1291 717 1313 :
749 1274 859 1331 Longe
879 1273 993 1330 positos

207 1327 365 1368 illuminat
390 1329 490 1385 radijs
507 1331 719 1385 mifiricordiae
731 1333 818 1387 ficae:
838 1331 902 1387 fibi
914 1344 992 1388 pro-

203 1388 342 1443 pinquos
381 1400 436 1444 per
450 1388 618 1445 specialem
639 1389 857 1436 demtionem,
889 1390 992 1445 consti-

208 1446 337 1484 latt'onis
348 1446 514 1501 fiia‘m'tate
532 1477 542 1493 ‚
567 1449 730 1505 praesentes
748 1448 810 1502 fibi
837 1451 870 1488 in
886 1448 1000 1506 patria

210 1504 393 1543 excellencia
412 1505 520 1560 gloriae
540 1523 550 1545 :
590 1515 628 1548 εἴ]-
639 1506 686 1562 fic
707 1523 767 1545 non
783 1508 823 1561 est
842 1534 852 1550 ‚
891 1508 944 1563 qui
961 1507 997 1562 se

211 1561 380 1617 abscondat
390 1564 410 1601 ἁ
421 1564 521 1602 calore
532 1566 610 1618 ejus.
670 1568 774 1605 Sicut
796 1565 860 1606 Sol
873 1565 927 1605 est
936 1580 1000 1621 pa—

211 1634 296 1659 rens
324 1620 416 1661 lucis
434 1649 443 1666 ,
477 1622 523 1661 fic
550 1625 695 1663 MAMA
712 1636 846 1679 parens
869 1623 967 1664 illius
988 1653 997 1668 ,

210 1682 274 1732 qui
286 1678 333 1718 de
347 1678 461 1735 seipso
481 1680 616 1720 fatetur
633 1699 639 1720 :
672 1682 823 1737 Egofimi
837 1683 897 1721 lux
908 1696 1000 1721 mun-

209 1736 252 1775 di.
284 1740 324 1776 in
355 1752 434 1791 quo
458 1738 564 1784 Sole,
591 1753 775 1794 tanquam
798 1745 837 1780 in
859 1741 997 1795 purissi-

209 1808 277 1835 mo
303 1795 573 1837 Tabefnaculo
596 1827 604 1842 ,
637 1798 797 1838 recondi
827 1799 997 1839 Christus

208 1852 283 1907 ipie
307 1853 430 1894 voluit
443 1882 464 1902 ,,
480 1854 656 1910 splendor
672 1858 812 1901 Patris,
845 1856 997 1897 Pialmi-

207 1910 261 1951 sta
282 1911 321 1951 id
345 1911 580 1959 affirmante,
609 1913 666 1953 his
689 1913 810 1954 verbis
836 1932 843 1952 t
876 1918 916 1953 In
929 1915 997 1954 Sole

199 1969 671 2027 pofiiz'cnbernaculumfimm.
693 1972 832 2013 verbo:
851 1975 996 2013 Mami

206 2029 259 2066 sol
290 2029 329 2081 est
368 2035 378 2078 (
402 2043 443 2069 ut
467 2028 574 2086 supra
613 2034 834 2071 nominatus
871 2032 998 2073 Idiota

206 2101 293 2126 eam
317 2086 494 2128 describit
516 2095 527 2136 )
561 2089 665 2128 clamos
683 2101 743 2145 per
768 2089 959 2146 fizpientiam
987 2120 998 2136 ,

200 2156 304 2201 purws
308 2157 367 2201 per
389 2148 610 2186 continentiam
621 2177 629 2193 ‚
645 2148 700 2201 ful
696 2146 793 2203 gidus
795 2160 856 2204 per
857 2149 997 2202 famam,

205 2202 329 2242 calidm
345 2216 403 2260 per
430 2205 632 2251 charitatem,
663 2215 702 2247 (9‘
740 2208 903 2245 exaltatus
937 2219 996 2264 per

206 2263 478 2315 CHRISTI
511 2265 749 2319 Corzceptionem.
816 2267 874 2305 En
899 2281 995 2319 quo*

205 2320 329 2359 modo
351 2319 571 2361 lucidissima
590 2325 705 2362 etiam
718 2322 889 2363 Ecclefiae
902 2325 994 2364 iide-

207 2393 247 2418 ra
259 2379 314 2418 nil
329 2379 405 2419 hoc
420 2378 505 2420 Sole
516 2383 694 2420 Mariano
719 2381 890 2435 unquam
902 2382 995 2423 luci-

206 2436 289 2477 dius
300 2438 488 2478 viderint!
521 2437 593 2479 Sed
618 2438 750 2479 nonne
770 2439 834 2479 Sol
856 2440 992 2482 huma-

206 2498 265 2535 nis
276 2497 509 2551 quandoque
521 2496 639 2537 oculis
653 2497 769 2552 pastus
782 2498 991 2555 Ecclypfin,

205 2552 278 2594 sive
289 2553 447 2595 maculis
460 2555 687 2609 quibusdam
699 2555 909 2612 caliginosis
922 2558 992 2598 ob-

207 2610 364 2652 fuscatus
376 2614 526 2654 videtur
543 2626 553 2654 .>
584 2613 636 2653 ast
655 2613 821 2654 fallimur
832 2630 968 2656 omnes
981 2648 990 2662 ‚

204 2667 502 2725 splendidiffimo
522 2672 597 2712 hoc
615 2672 716 2713 Coeli
731 2672 846 2714 oculo
861 2703 872 2719 ‚
902 2673 993 2716 licet

208 2742 275 2783 per
290 2729 426 2775 Lunae,
453 2745 517 2771 aut
534 2731 648 2771 molis
673 2745 779 2772 terrae
796 2734 992 2789 interpoli-

207 2789 383 2832 tionem,
428 2788 540 2829 nobis
565 2790 797 2844 quandoque
834 2789 992 2833 abscon-

207 2844 313 2890 dito,
343 2844 457 2900 plena
474 2850 624 2887 interim
643 2847 796 2888 luminis
820 2848 991 2891 claritate

205 2902 463 2944 indesinenter
497 2907 695 2961 gaudente.
757 2911 816 2949 Sic
851 2907 991 2949 fallitur

205 2965 323 3002 etiam
334 2960 398 3001 ille
414 2991 424 3007 ,
455 2967 577 3016 quiin
597 2967 744 3005 MARm
759 2995 770 3011 ‚
804 2966 891 3008 Sole
918 2982 989 3008 no-

203 3019 280 3060 stro
290 3020 481 3076 purissimo
494 3051 503 3066 ‚
532 3021 592 3062 vel
604 3026 808 3064 minimam
819 3025 990 3080 aliquan-

205 3078 259 3119 do
271 3077 464 3119 maculam
477 3083 635 3135 reperire
645 3110 655 3126 ,
669 3096 733 3122 aut
744 3086 783 3122 in
796 3085 872 3137 ejus
881 3086 989 3125 Con-

206 3140 387 3193 ceptione
411 3137 469 3178 vel
504 3153 821 3182 momentaneam
852 3143 987 3197 depre-

1727 81 1814 148 185

1046 161 1218 202 hendere
1243 162 1440 220 Ecclypfin
1469 180 1630 207 conatur
1659 186 1668 214 5
1698 170 1844 214 Mansit

1045 221 1245 261 enimvero
1261 221 1325 263 Sol
1346 223 1412 263 iste
1443 222 1539 264 solus
1563 229 1769 280 gratiarum
1785 227 1840 269 lu-

1046 292 1152 318 mine
1177 278 1430 334 plenissimu5‚
1469 283 1604 337 medijs
1626 288 1740 324 etiam
1763 285 1840 326 for-

1047 334 1170 376 molus
1181 341 1219 377 in
1233 339 1343 379 undis
1357 368 1369 385 ,
1391 337 1455 379 fiib
1467 339 1545 396 ipso
1562 345 1744 382 nimirum
1754 347 1837 384 uni-

1047 392 1177 435 versali
1197 401 1345 451 peccati
1357 398 1554 454 originalis
1569 400 1713 441 diluvio
1726 430 1735 446 ,
1755 401 1837 457 pulae

1048 451 1309 496 chritudinem
1341 454 1444 496 iiiam
1484 456 1553 496 rite
1600 458 1835 500 conservans.

1049 509 1136 550 Nec
1172 511 1325 553 filentio
1372 512 1438 554 hic
1489 518 1794 570 praetereundum
1823 545 1835 561 ,

1048 568 1150 607 Solem
1171 571 1405 626 quandoque
1433 575 1552 613 etiam
1573 574 1722 614 Phaebum
1742 605 1753 622 ‚
1789 591 1834 617 ac

1047 625 1226 682 Apollinem
1243 633 1454 686 nuncupari
1478 644 1486 667 2
1512 646 1584 671 nec
1604 632 1681 673 sine
1696 634 1836 690 myste-

1048 687 1107 724 rio
1131 702 1141 730 5
1167 688 1257 725 cum
1283 702 1390 728 enim
1410 687 1548 745 Apollo,
1578 690 1670 731 teste
1689 690 1836 733 Plutar-

1048 741 1148 788 cho,
1175 742 1296 784 latine
1319 745 1425 785 idem
1449 746 1654 802 significet,
1690 766 1734 790 ac
1747 751 1838 791 Solus

1038 799 1108 854 fine
1117 801 1226 840 mulmis
1237 828 1248 844 2
1282 803 1419 842 Phaebm
1431 819 1562 846 autem
1575 807 1679 847 idem
1692 808 1836 864 prorsus

1047 856 1112 904 fit,
1148 873 1193 899 ac
1224 862 1353 901 Purus:
1392 860 1576 916 stquitur,
1613 880 1680 920 per
1710 867 1837 922 prola-

1048 919 1199 958 tionem
1233 922 1336 959 unici
1357 917 1455 960 illius
1484 921 1587 962 verbi
1611 924 1663 962 sol
1683 952 1694 968 ‚
1733 925 1839 965 idem

1046 972 1266 1031 significari,
1297 992 1341 1018 ac
1363 978 1435 1025 Sol,
1458 977 1546 1033 stilus
1556 980 1625 1035 fine
1636 981 1755 1025 multis,
1774 995 1838 1039 pu-

1045 1050 1101 1074 ms
1113 1034 1161 1089 est.
1223 1036 1320 1091 Qs
1342 1050 1470 1078 autem
1498 1037 1561 1078 hic
1581 1054 1664 1079 non
1684 1040 1789 1081 videt
1825 1072 1836 1088 ,

1047 1092 1126 1133 hoc
1142 1093 1247 1134 idem
1261 1095 1508 1150 praedicatum
1519 1126 1529 1142 ‚
1561 1097 1663 1138 hanc
1672 1099 1838 1140 eandem

1048 1155 1338 1207 praerogativam
1365 1182 1374 1198 ‚
1405 1156 1586 1196 Mariano
1605 1156 1737 1197 nostro
1758 1158 1837 1199 Soli

1042 1223 1276 1267 congruere?
1308 1212 1361 1250 Sol
1373 1227 1464 1268 ergo
1480 1228 1558 1253 erat
1582 1243 1591 1259 ‚
1606 1229 1647 1254 ut
1660 1215 1835 1263 vidimus,

1042 1269 1188 1308 Minui
1205 1294 1215 1311 ‚
1241 1271 1373 1310 verum
1392 1274 1508 1311 etiam
1528 1288 1663 1313 omnes
1698 1278 1837 1315 animae

1039 1326 1224 1380 justorum
1238 1355 1247 1372 ‚
1280 1331 1319 1367 in
1341 1329 1462 1384 gratia
1483 1332 1628 1371 Divina
1650 1333 1835 1373 constitu-

1046 1399 1093 1424 tae
1111 1386 1195 1425 Soles
1225 1385 1413 1426 dicuntur.
1445 1387 1509 1428 ubi
1547 1403 1676 1430 tamen
1708 1391 1834 1432 discri-

1046 1458 1138 1483 men
1176 1442 1271 1483 illud
1315 1446 1617 1493 attendendum,
1651 1451 1757 1503 quod
1793 1451 1833 1491 hi

1047 1516 1183 1542 omnes
1214 1505 1254 1542 in
1294 1508 1553 1560 conceptione
1597 1505 1657 1547 flia
1696 1508 1836 1549 fuerint

1052 1558 1116 1600 sub
1156 1560 1332 1617 Ecclypsi
1363 1577 1511 1618 peccati
1549 1565 1764 1621 originalis,
1798 1583 1835 1607 e--

1050 1617 1186 1658 contra
1219 1623 1339 1676 Virgo
1369 1623 1575 1662 Beatiffima
1593 1653 1602 1669 ,
1635 1639 1770 1680 utpote
1791 1641 1837 1666 ex

1049 1677 1217 1718 millibus
1250 1678 1391 1724 eiecta,
1423 1695 1466 1720 ac
1486 1681 1697 1737 digniffima
1710 1686 1837 1724 Mater

1049 1737 1232 1776 Numinis
1245 1735 1366 1776 futura
1379 1767 1389 1782 ‚
1420 1738 1543 1793 sicque
1558 1740 1613 1789 salz·
1625 1742 1750 1780 Divino
1765 1759 1837 1782 con-

1047 1792 1116 1831 dita
1128 1795 1208 1839 solz,
1238 1793 1315 1835 sola
1330 1795 1392 1835 illa
1410 1797 1681 1852 liaiicgi·atiam
1699 1812 1778 1840 tam
1792 1801 1837 1840 il-

1047 1850 1222 1897 lustrem,
1261 1866 1340 1892 tam
1374 1870 1554 1895 eximiam
1580 1886 1588 1901 ,
1617 1871 1696 1897 tam
1715 1873 1839 1899 exrra-

1046 1910 1282 1950 ordinariam
1314 1911 1523 1954 obtinuerit
1564 1944 1573 1959 ‚
1615 1928 1656 1955 ut
1681 1915 1753 1971 fhla
1769 1917 1838 1972 fine

1046 1969 1176 2013 multis,
1208 1968 1289 2009 imo
1313 1971 1387 2010 iim<-
1426 1968 1504 2011 ullz)
1546 1972 1663 2012 viltero
1700 1986 1786 2030 pura
1826 2005 1837 2021 ‚

1051 2026 1191 2080 absque
1222 2042 1381 2082 peccato
1407 2031 1583 2086 originali
1615 2033 1725 2072 fuerit
1744 2049 1837 2074 con-

1049 2099 1168 2140 cepta.
1238 2089 1420 2142 Qisquis
1457 2088 1548 2145 ergo
1574 2089 1837 2145 spurciffimam

1048 2143 1150 2183 hanc
1209 2148 1365 2199 originis
1415 2148 1606 2188 maculam
1659 2148 1837 2205 affingere

1047 2204 1202 2242 MARLAE
1215 2203 1330 2243 vellet
1345 2234 1354 2250 ,
1386 2204 1487 2245 aliud
1499 2206 1600 2247 certe
1617 2222 1695 2247 non
1713 2208 1836 2249 effice-

1046 2273 1120 2304 ret,
1152 2266 1290 2314 quam,
1322 2263 1427 2316 quod
1452 2264 1683 2320 sagittaffisiias
1699 2282 1836 2308 contra

1045 2316 1313 2359 serenillimum
1345 2321 1439 2362 Solis
1479 2323 1723 2379 conspectum
1756 2331 1832 2366 cvi-

1045 2376 1190 2423 braret3
1224 2381 1312 2417 cnm
1336 2395 1481 2420 certum
1504 2386 1656 2422 interim
1682 2398 1835 2425 maneat

1045 2434 1141 2475 illud
1159 2438 1286 2475 Poe-«1³2
1306 2455 1311 2474 ι

1155 2496 1255 2533 Solem
1274 2496 1356 2533 milla
1377 2495 1499 2551 sagitta
1514 2498 1605 2551 ftrit.

1045 2550 1105 2591 vel
1131 2551 1223 2592 illud
1251 2558 1403 2593 Senecae
1428 2574 1434 2592 ;

1157 2616 1234 2668 Qui
1246 2613 1330 2663 mſsa
1343 2613 1453 2655 Solem,
1480 2627 1540 2650 non
1552 2611 1685 2654 turbam
1700 2615 1809 2655 Solem.
1851 2627 1982 2665 Epist.92.

1043 2675 1150 2720 Hinc
1164 2679 1254 2721 lici-t
1268 2681 1457 2738 Astrologi
1471 2684 1629 2737 quidam
1643 2715 1652 2730 ,
1686 2702 1834 2741 reperto

1042 2737 1256 2795 Telescopij
1288 2740 1349 2779 ulii
1372 2770 1381 2785 ,
1414 2742 1571 2782 credant
1602 2746 1835 2799 quandoque

1041 2793 1075 2834 sc
1094 2796 1220 2837 videre
1249 2814 1288 2838 in
1315 2798 1391 2839 hoc
1414 2799 1639 2841 lucidiffimo
1663 2803 1834 2843 plancta-

1042 2868 1126 2894 rum
1147 2858 1321 2911 Principe
1335 2857 1541 2898 nubeculas
1556 2860 1749 2911 quasdam,
1769 2876 1833 2902 aut

1040 2913 1230 2959 maculas,
1262 2915 1514 2955 niliilominn5
1541 2918 1645 2970 quod
1674 2918 1729 2959 isti
1750 2934 1831 2960 ma-

1040 2969 1142 3011 culas
1157 2972 1332 3015 centem,
1355 2973 1410 3012 nil
1427 2975 1526 3015 aliud
1542 2975 1614 3020 est,
1637 2977 1753 3030 quam
1766 2994 1832 3019 co-

1039 3032 1102 3083 pia
1123 3030 1337 3075 radiorum‚
1367 3030 1436 3071 sese
1456 3036 1495 3071 in
1511 3036 1614 3073 arcffo
1638 3035 1827 3076 colliden-

1038 3089 1134 3126 tium
1148 3117 1158 3133 ,
1187 3092 1290 3129 itant
1307 3104 1387 3128 non
1404 3092 1443 3129 in
1460 3089 1547 3131 Sole
1557 3093 1733 3139 maculae,
1767 3094 1826 3134 sed

1036 3159 1140 3185 error
1155 3150 1194 3187 in
1211 3146 1461 3203 spectantibus
1485 3149 1528 3188 sit
1548 3152 1828 3206 reprehenden-

1092 3206 1124 3243 Α
1140 3220 1160 3244 a
1719 3211 1795 3249 dus.
