2164 3413
142 558 250 613 130.

324 120 389 169 62

283 204 566 260 Conceptionis
587 207 624 246 B.
639 207 828 261 Virginis,
861 220 995 245 verum
1009 209 1080 247 erit

286 261 412 302 dicere
429 279 436 301 :
461 261 514 302 est
523 264 668 309 saneta,
685 269 725 306 ὃς
741 263 887 303 munda
897 265 1079 322 Concep-

288 323 344 359 tio
367 350 377 366 ‚
409 319 456 361 ab
468 320 579 360 omni
592 335 753 378 peccato
770 347 781 364 ‚
825 335 906 362 tam
918 321 1079 370 actuali,

288 377 406 432 quam
416 379 603 436 originali.

497 469 534 517 §.
556 473 608 529 4.
640 460 870 531 Ηιβονὶαῑ,

361 555 613 608 aDVLter,
652 553 774 600 ere
796 551 850 600 ab
873 556 1003 605 orCo

555 621 819 672 leeratVS.

293 707 580 808 REversurus
599 709 649 749 ad
660 710 809 767 oppidi]
824 710 941 755 suum,
955 727 1087 768 perpe-

405 779 506 807 trato
517 766 632 823 paulo
652 782 741 809 ante
758 770 965 826 turpiffimo
981 771 1087 811 adul-

292 826 375 878 terij
397 823 544 881 flagitio
556 855 566 871 ‚
599 827 691 883 Pagi
725 828 921 882 cujusdam
943 829 1088 870 Gallici

293 882 598 930 Praebendari'us,
621 886 669 925 ad
686 889 901 940 Sequanam
913 886 1089 930 Fluvium

295 941 465 985 devenit,
479 957 595 996 quern
612 945 841 997 trajeeturus,
858 946 1089 992 naviculam,

294 1014 413 1054 quam
422 999 520 1040 forte
532 1000 584 1041 ibi
597 1000 810 1044 offenderat
826 1032 835 1049 ‚
862 1003 957 1044 solus
967 1004 1094 1046 ascen-

297 1058 355 1098 dit
366 1087 376 1103 ‚
399 1057 603 1114 HorastQue
620 1062 860 1107 Canonicas‚
905 1077 997 1117 quas
1032 1063 1095 1103 die

297 1116 376 1162 illa,
386 1116 576 1172 hucusque
586 1121 740 1159 recitare
754 1119 959 1167 distulerat,
973 1121 1096 1163 modo

300 1174 511 1232 persolvere
527 1179 684 1232 cogitat.
744 1180 849 1219 Cum
858 1194 963 1235 ergo,
991 1184 1098 1222 navi-

301 1232 387 1274 cula
396 1236 435 1273 in
449 1233 527 1289 ipso
540 1233 724 1275 fluminis
736 1237 868 1277 medio
880 1238 1100 1285 constituta,

302 1293 571 1333 Invitatorium
586 1293 730 1335 diceret
741 1324 751 1341 ,
777 1296 884 1350 quod
900 1295 1004 1338 aliud
1016 1313 1102 1339 non.

303 1363 396 1395 erat,
409 1349 525 1404 quam
537 1354 618 1391 Ave
640 1354 692 1391 ’Μ
699 1355 743 1392 A
748 1355 822 1409 RI
823 1356 866 1393 A
865 1357 979 1410 gratia
987 1357 1102 1413 plena,

304 1409 465 1448 Dominus
479 1422 591 1452 tecum,
605 1409 657 1450 ob
669 1411 833 1455 Festum,
846 1416 998 1470 Virgini
1007 1416 1102 1456 DEI

304 1470 453 1523 parenti
471 1470 625 1508 Sacrum
637 1497 647 1514 ‚
673 1468 795 1510 subito
814 1471 1000 1513 advolans
1011 1472 1103 1514 hor-

306 1525 426 1565 tenda
447 1525 692 1568 infernalium
704 1527 971 1571 Monstrorum
979 1531 1102 1578 turba,

304 1582 525 1625 naviculam
540 1584 730 1632 subvertit,
755 1600 869 1642 atque
881 1587 1053 1632 suffocati
1062 1594 1105 1631 in

304 1644 412 1697 aquis
437 1645 628 1689 animam,
661 1645 710 1684 ad
730 1658 890 1688 tartarea
910 1661 1106 1690 tormenta

303 1700 478 1743 deduxit.
538 1704 723 1757 Apparuit
747 1718 876 1745 autern
898 1705 1104 1748 exultanti-

303 1758 374 1799 bus
401 1758 450 1799 de
480 1759 606 1814 praeda
629 1760 690 1801 sua
723 1761 964 1805 daemonibus
975 1767 1104 1806 Mater

685 107 780 169 De
802 106 1093 190 Concepta
1109 108 1265 172 Sacra
1286 110 1537 190 Deiparfi.

1128 206 1222 260 cijs?
1252 205 1482 261 atque'plura
1503 202 1651 245 dixisset
1666 233 1675 249 ‚
1698 202 1767 244 nifi
1788 206 1922 261 copio-

1129 263 1208 305 sum
1221 263 1503 320 lachrymarum
1528 263 1758 319 profluvium
1782 277 1924 304 vocem

1129 336 1291 363 omnem
1306 321 1576 362 interclusisset.
1631 323 1706 361 Cui
1722 319 1802 361 illa:
1835 322 1925 361 Pre-

1136 394 1271 426 corte‚
1293 384 1435 434 inquit,
1460 378 1508 419 ne
1528 378 1690 435 amplius
1717 382 1758 419 in
1778 391 1925 419 reatum

1136 438 1333 492 adulterij‚
1381 452 1445 478 aut
1464 437 1614 478 alterius
1630 441 1779 493 peccati
1805 434 1927 493 gravis

1137 496 1391 554 prohibendo,
1408 495 1682 537 conscientiam
1695 509 1801 536 tuam
1818 508 1929 535 com-

1136 554 1304 595 macules
1318 584 1327 600 ,
1347 569 1389 594 ac
1402 553 1568 594 Festivos
1581 554 1677 594 mihi
1689 554 1781 596 dies,
1810 552 1930 607 qualis

1135 614 1185 654 ad
1194 627 1301 653 tuam
1312 611 1468 652 {alutem
1477 612 1684 652 hodiernus
1697 611 1777 654 fuit,
1790 610 1931 667 specia-

1135 671 1268 712 lissime
1307 670 1399 712 vero
1426 672 1549 710 Diem
1610 669 1806 726 piu-issima*
1835 683 1933 709 meae

1135 732 1401 785 Conceptioni
1413 726 1623 772 solennem,
1635 743 1717 769 non
1731 728 1934 784 peccando

1136 787 1256 831 violes
1271 817 1281 834 ,
1294 786 1355 828 sed
1366 785 1444 844 jugi
1459 789 1584 843 potius
1597 787 1808 828 devotione
1818 800 1934 827 vene-

1137 850 1209 887 rari
1219 846 1269 887 ne
1281 848 1521 887 intermittas.
1582 843 1733 901 Qibus
1744 844 1865 887 dietis,
1877 846 1935 900 ip-

1140 904 1179 946 so
1191 905 1369 952 vidente,
1410 903 1459 944 ad
1484 902 1642 959 superna
1672 901 1937 943 conscendens

1141 967 1307 1009 evanuit,
1322 962 1385 1003 ille
1394 960 1498 1007 vero,
1512 963 1633 1004 vitam
1645 960 1842 1018 amplexus
1857 976 1940 1001 ere-

1143 1025 1319 1064 miticam
1329 1048 1340 1065 ,
1371 1020 1465 1075 quid
1475 1019 1541 1060 sibi
1550 1019 1733 1064 acciderit
1742 1049 1752 1065 ,
1771 1010 1941 1076 pluribus

1143 1084 1344 1126 enarravit,
1367 1095 1413 1120 ex
1425 1093 1504 1134 quo
1519 1082 1655 1135 ingens
1668 1106 1680 1123 ,
1712 1077 1813 1135 apud
1832 1092 1943 1118 com-

1145 1139 1282 1196 plures,
1302 1137 1392 1194 erga
1409 1140 1577 1194 Virginis
1590 1135 1743 1177 illibata:
1759 1138 1943 1193 Concep-

1147 1201 1324 1241 tionem,
1344 1199 1463 1238 crevit
1485 1196 1656 1238 devotio.
1729 1193 1888 1252 Meffreth
1909 1194 1946 1236 in

1147 1255 1271 1299 hortulo
1283 1255 1413 1313 Reginae
1423 1259 1522 1295 Serm.
1532 1271 1561 1300 ρ.
1575 1254 1638 1294 litt.
1648 1255 1693 1293 E.

1346 1334 1387 1398 §.
1408 1345 1451 1397 5.
1473 1328 1750 1404 &anhelum-

1152 1434 1414 1498 Margarita,
1436 1434 1491 1476 In
1509 1433 1672 1481 Vtero‚
1693 1431 1945 1483 CanDens,
1996 1428 2088 1488 131,

1437 1502 1505 1549 aC
1524 1503 1659 1561 era.

305 1820 434 1873 gsfflae
444 1818 594 1858 MARIA
614 1847 625 1864 2
663 1818 763 1861 hisce
776 1835 841 1861 eos
852 1822 976 1863 verbis
987 1826 1105 1865 inter·
1166 1826 1171 1835 ²
1278 1819 1299 1824 ”’

306 1875 454 1933 pellans
471 1893 478 1916 :
524 1881 577 1918 Ut
590 1877 682 1931 quid
698 1882 774 1919 mei
795 1879 1004 1922 Familiaris
1021 1885 1105 1922 ani-

308 1948 416 1974 mam
435 1948 516 1974 tam
541 1935 675 1989 injuste
694 1935 880 1993 affligitis?
911 1953 1106 1996 reponunt

308 1991 389 2032 illi:
429 1992 614 2034 Nostram
648 1997 731 2049 quis
752 2010 869 2052 neget
879 2001 1062 2045 fanimam
1093 2028 1105 2045 ‚

311 2064 397 2104 quae
408 2063 519 2106 capta
538 2051 604 2097 est,
633 2055 674 2093 in
694 2067 811 2109 opere
834 2055 991 2097 nostro?
1023 2060 1107 2111 qui-

1194 2083 1200 2095 5
1224 2073 1242 2091 ‘Nx

313 2108 382 2149 bus
396 2110 543 2149 Minui
562 2124 570 2147 :
601 2113 703 2151 Bene
719 2111 785 2157 est,
805 2112 830 2154 si
842 2113 939 2154 illius
952 2129 1038 2156 eam
1051 2115 1109 2156 di⁴
1168 2151 1169 2154 ,

313 2168 517 2220 citis,cujus
529 2181 645 2224 opera
657 2167 966 2216 faciebat‚lcitote
979 2188 1110 2215 meam
1170 2191 1171 2194 ¹

314 2223 399 2270 elle,
412 2228 599 2280 quoniam
618 2229 829 2268 Matutinas
849 2244 952 2271 meas
972 2260 982 2276 ‚
1019 2247 1110 2272 cum

313 2298 402 2324 cam
415 2284 635 2340 peremistis,
659 2284 907 2341 persolvebat.
968 2291 1108 2333 Dixit,

314 2348 356 2384 &
381 2341 624 2383 daemonibus
653 2343 852 2385 hincinde
881 2345 1110 2403 aufugienti=

315 2399 397 2446 bus,
415 2400 645 2441 submerlum
657 2402 704 2442 de
727 2403 920 2458 profundo
941 2404 1109 2447 fluminis

316 2459 461 2504 eduxit,
483 2458 730 2515 animamtffue
752 2461 800 2501 ad
812 2464 887 2515 ejus
906 2477 1040 2519 corpus
1053 2480 1109 2505 re-

318 2520 490 2563 vocavit,
509 2521 574 2572 qui
586 2531 665 2559 tam
683 2518 779 2560 mire
792 2520 839 2561 ab
854 2535 948 2561 orco
975 2522 1109 2564 libera-

318 2588 389 2620 tus,
412 2579 595 2631 cognito,
619 2577 725 2631 quod
740 2577 763 2618 a
775 2582 935 2635 Virgine
948 2582 1110 2622 Beatiffi-
1169 2581 1173 2593 ²

318 2632 384 2673 ma
395 2633 576 2688 indignus
587 2649 796 2691 acceperat,
815 2636 1018 2685 beneficio,
1040 2640 1111 2680 sta-

320 2695 392 2732 tim
423 2691 582 2748 pedibus
598 2694 674 2746 ejus
690 2695 927 2749 provolvitur
944 2725 955 2742 ,
981 2712 1025 2738 ac
1044 2697 1108 2739 ab·

319 2747 434 2791 sterso
454 2751 532 2804 jam
547 2779 557 2795 ,
588 2750 797 2806 persenam
818 2758 1108 2804 contritionem,

322 2807 439 2864 turpis
460 2807 631 2864 adulterij
651 2809 808 2867 flagitio,
818 2827 888 2868 pro
911 2828 990 2867 quo
1000 2829 1107 2855 aeter,

323 2866 460 2909 naliter
470 2867 625 2920 jamjam
637 2868 879 2911 damnandus
891 2870 1012 2913 fuifl'et
1022 2902 1032 2918 ‚
1065 2874 1113 2914 fic

324 2926 420 2965 Eam
437 2924 660 2980 alloquitur:
674 2925 699 2966 ὃ
716 2930 837 2984 Virgo
849 2930 1113 2984 gratiofiffima!

325 2984 418 3039 quid
434 2982 503 3025 tibi
523 2997 593 3042 pro
615 2988 727 3027 tantis
748 2986 952 3029 retribuam
969 2987 1113 3032 benefi—

1200 2709 1277 2737 intra
1287 2717 1398 2739 uterum
1409 2707 1526 2748 pretiosa
1537 2708 1607 2744 latet
1619 2709 1776 2751 Gangetica
1786 2719 1912 2753 gemma,

1249 2749 1311 2789 Ipso
1319 2749 1348 2778 in
1356 2751 1479 2779 conchili
1490 2751 1617 2781 candida.
1633 2761 1700 2790 pura
1711 2754 1801 2784 fimul.

1200 2792 1276 2819 Intra
1286 2791 1501 2829 uterum,primo
1517 2792 1640 2826 instanti,
1655 2804 1737 2833 quam
1749 2797 1849 2835 gratia
1863 2806 1954 2828 mater

1241 2833 1388 2871 Concepit,
1402 2833 1505 2871 pariter
1513 2834 1632 2864 candida
1652 2836 1745 2876 Virgo
1755 2837 1820 2867 fuit.

1203 2891 1328 2922 Inventi
1336 2901 1431 2923 autem
1439 2891 1496 2922 und
1503 2894 1625 2933 pretiosi
1639 2898 1955 2941 Margaritd,abijt‚&c.

1163 2933 1302 2965 Matths.
1314 2944 1326 2963 ι
1333 2944 1358 2972 3.
1369 2944 1394 2965 v.
1405 2942 1452 2971 4‘·

1838 3161 1877 3211 §-
1902 3152 1952 3206 6.

2041 2773 2125 2820 m,

2029 2822 2125 2855 gran!
