2164 3413
63 2169 187 2238 526.

748 81 1068 165 Conceptus
1124 83 1355 150 LXXV.

235 188 357 224 ”hem
367 182 589 242 iugulaverit
603 214 614 232 ,
644 187 736 227 cum
760 184 850 226 alias
865 200 938 225 nec
953 185 1024 225 fer‘

239 249 305 286 ro,
335 257 408 284 nec
428 242 558 300 ligno,
590 258 662 284 nec
702 243 827 300 lapide
862 243 1026 283 interfici

238 300 435 352 potuisset5
459 305 499 342 in
511 303 615 357 cujus
635 302 817 357 triumphi
842 305 1026 341 memori-

238 368 325 404 am,
354 359 563 402 detra&am
599 360 702 400 dieto
742 359 847 400 leoni
884 358 1028 415 pellem

240 416 425 471 tanquam
434 417 641 475 gloriosum
659 417 855 472 quoddam
869 416 1025 473 paluda-

240 486 420 515 mentum
433 500 447 523 ,
477 489 547 532 pro
559 475 696 533 insigni
708 479 859 532 recepit.

344 533 453 587 Qid
493 533 609 590 porro
648 534 772 580 aliud,
802 532 917 588 quam
941 534 1023 573 Leo

242 589 439 637 terribilis,
467 591 584 633 hostis
623 592 677 633 est
716 590 931 632 infernalis?
961 593 1025 644 qui

242 649 307 687 vix
327 652 461 689 creatis
481 653 611 706 primis
635 649 873 707 parentibu5‚
900 647 1028 688 statim

242 706 416 748 circuivit
433 737 443 754 ‚
475 708 531 748 nil
559 708 661 749 aliud
683 723 853 762 quaerens
868 737 878 752 ,
909 705 1027 760 quam

242 775 284 803 ut
295 763 497 807 hominem
510 796 521 813 ,
551 770 591 806 in
605 766 749 807 summa
759 779 850 807 tunc
871 764 1029 804 felicita‘

243 832 280 861 te
292 823 560 871 constitutum,
587 824 786 880 totamt'lue
802 825 879 877 ejus
894 836 1029 878 proge-

244 882 349 921 niem
361 911 372 928 ‚
403 882 657 924 miserandum
674 887 712 923 in
724 883 887 924 modum
901 880 1029 935 quoad

242 942 414 981 animam
437 941 662 982 devoraret:
696 945 759 996 qui
775 944 890 981 etiam
906 968 916 984 ,
945 953 1029 978 non

243 998 405 1040 invento
419 1028 430 1045 ,
460 1003 525 1054 qui
541 1000 742 1045 resisteret,
770 999 932 1054 stragem
950 996 1030 1036 edi-

243 1054 324 1102 dit,
363 1072 561 1112 nunquam
607 1056 690 1098 satis
737 1055 1029 1113 deplorandam.

213 1154 227 1161 ,
243 1116 508 1156 Veruntamen
543 1116 685 1172 prodijt
706 1116 863 1156 tandem
878 1143 888 1159 ,
919 1112 1031 1154 omni

241 1171 411 1213 Hercule
421 1173 618 1230 gloriosior
631 1176 776 1215 Mirm
787 1201 798 1218 ,
829 1187 914 1227 quae
932 1173 1032 1212 Leo-

242 1244 334 1270 nem
346 1230 454 1272 illum
465 1234 691 1273 Tartareum
703 1259 714 1275 ‚
736 1231 758 1272 a
773 1234 928 1271 nemine
940 1229 1031 1273 alio,

242 1289 486 1342 quantumvis
520 1290 739 1336 fortiffimo,
778 1287 1030 1331 Sanctiffimo-

242 1361 331 1400 que,
342 1351 469 1403 primo
490 1351 769 1405 Conceptionis
782 1346 948 1404 angreffu
963 1346 1029 1386 de-

242 1403 467 1449 bellandum
489 1433 501 1452 ‚
544 1383 1029 1461 immaculateoconcepta

1720 106 1749 150 2
1789 106 1822 160 9

1075 187 1268 228 fortiffime
1278 186 1460 245 jugulavit
1474 206 1482 229 z
1513 187 1635 246 Qod
1645 185 1668 232 fi
1677 106 1860 237 decr-{stas

1074 246 1188 286 occifi
1199 249 1338 287 Leonis
1358 250 1533 293 exuvias,
1566 264 1635 304 pro
1657 251 1861 307 infignibus

1077 303 1264 344 Hercules
1288 304 1431 360 gestare
1455 304 1598 351 voluit,
1628 308 1748 363 gestat
1765 310 1863 352 fimi-

1078 359 1163 402 liter
1201 365 1381 403 MARlA
1411 364 1682 408 immaculata,
1714 367 1781 407 iuis
1822 373 1862 412 in

1078 420 1329 476 imaginibus,
1359 436 1429 476 pro
1469 424 1648 463 Victoria:
1688 425 1826 481 insigni
1851 459 1862 476 ‚

1073 481 1262 534 Virgineis
1288 478 1511 520 substratum
1546 480 1704 536 pedibus
1732 484 1865 526 adver-

1074 535 1235 579 sarium,
1275 537 1301 576 fi
1338 553 1419 578 non
1450 537 1514 577 fiib
1548 537 1668 593 speeie
1699 542 1863 592 Leonis,

1077 597 1269 635 Draconis
1285 595 1405 641 certe,
1437 610 1500 635 aut
1518 594 1718 652 serpentis,
1747 603 1806 642 vel
1821 608 1862 645 m

1076 652 1201 692 forma
1221 652 1372 693 alterius
1397 653 1561 694 Monstri
1586 682 1595 697 ,
1629 671 1862 712 reportatam

1076 713 1116 749 in
1130 713 1408 766 Conceptionis
1426 717 1633 753 certamine
1651 718 1862 767 victoriam,

1077 783 1121 808 ac
1142 769 1379 823 triumphum
1403 769 1603 825 plusquam
1627 774 1864 820 Herculeum

1077 825 1229 867 abunde
1241 826 1472 867 denotantis.

1216 948 1255 1000 ἕ.
1270 953 1319 1009 7.
1356 939 1713 1014 Anagramma.

1149 1054 1406 1167 ConCepltG
1432 1057 1601 1116 Reglna
1621 1090 1635 1113 ,
1682 1061 1795 1108 IVre

1411 1126 1575 1171 VnDa.

1077 1211 1161 1259 Jure
1175 1209 1293 1249 munda
1297 1221 1390 1266 pates
1404 1239 1414 1256 ‚
1446 1215 1472 1249 O
1493 1213 1621 1269 Regina
1635 1216 1839 1263 immaculata
1851 1226 1865 1263 l

1304 1287 1435 1330 Versio
1453 1288 1637 1332 litteralis.

1884 1090 2001 1147 525·

1077 1360 1157 1399 Ave
1164 1362 1296 1410 ‘Marica
1311 1365 1424 1421 gratis?
1424 1367 1536 1423 plena,
1552 1370 1711 1410 Dominus
1722 1387 1834 1419 tecum.

438 1724 592 1805 De)
629 1721 1002 1830 Concept&
1039 1717 1248 1799 Sacra
1294 1719 1628 1826 Deipara.

518 1871 1119 1948 CONCEPTUS
1201 1868 1536 1939 LXXVI.

428 2041 468 2097 §-
484 2045 520 2086 1.
556 2034 808 2105 Scriptura.

455 2129 731 2175 MeDICIna
755 2158 771 2179 ‚

361 2190 536 2244 aCasV
577 2194 867 2258 praeserVans.

229 2293 477 2337 Ecclesiastici
502 2297 598 2334 018.
630 2309 662 2335 v.
677 2311 732 2335 20.
795 2296 886 2334 Ante
905 2294 1019 2353 langu-

314 2369 417 2396 orem,
448 2351 561 2392 adhibe
591 2352 803 2392 medicinam!

365 2454 442 2490 Um
472 2446 701 2488 salutiferum
737 2446 902 2489 Medicae
924 2452 1012 2490 artis

227 2461 361 2589 D
396 2507 583 2549 studium,
617 2521 660 2546 ac
692 2505 861 2546 officium
886 2513 1036 2548 atten-'

403 2568 474 2606 tius
488 2565 688 2605 confidero
700 2593 709 2610 ,
740 2564 934 2620 duplicem
944 2565 1011 2611 illi,

226 2625 276 2665 de
289 2627 453 2680 proximi
476 2623 589 2663 salute
608 2651 619 2668 ‚
649 2620 763 2662 inesse
780 2638 908 2663 curam
934 2627 1014 2664 ani-

227 2682 447 2723 madverto:
480 2697 561 2722 non
572 2696 658 2721 eam
670 2684 854 2721 nimirum
873 2680 1012 2728 solam,

228 2740 304 2795 qua
321 2740 456 2780 afflicta
472 2740 579 2796 poffit
600 2739 732 2780 sanitas
751 2764 762 2782 2
791 2754 857 2795 per
869 2755 1013 2781 conve-

229 2801 373 2839 nientia
387 2798 526 2838 restitui
545 2798 828 2838 medicamenta
840 2827 850 2843 ,
879 2801 1011 2840 verum

228 2860 344 2897 etiam
367 2854 472 2895 illam
487 2882 498 2899 ‚
529 2856 604 2911 qua
620 2871 684 2912 per
705 2855 947 2897 constantem
959 2856 1011 2898 sa-

229 2918 356 2955 nitatis
366 2913 517 2955 tuendae
528 2914 740 2955 custodiam
752 2941 763 2960 ,
794 2918 921 2955 omnis
928 2915 1012 2971 pos-

229 2973 273 3014 sit
302 2972 462 3027 languor
483 3000 492 3016 ‚
534 2973 692 3027 provida
725 2973 978 3029 temperantia
997 3003 1008 3021 ,

229 3045 294 3072 aut
314 3032 414 3069 certe
427 3028 686 3085 praeservativo
697 3031 867 3085 quodam
888 3033 1010 3073 medi·

229 3101 414 3130 camento
442 3091 620 3143 praeverti.
670 3090 790 3129 Hunc
828 3089 1007 3131 ultimum

226 3147 388 3189 sanitatis
422 3145 689 3189 conservandae
724 3146 886 3191 modum
924 3163 1007 3194 non

1069 1991 1279 2049 approbare
1292 1995 1442 2033 tantum
1453 2021 1465 2039 ,
1496 1992 1558 2035 sed
1575 2000 1616 2038 &
1638 1994 1788 2039 suadere
1805 2000 1860 2041 via

1069 2052 1179 2092 detur
1214 2050 1487 2092 Ecclesiasticus
1505 2082 1515 2098 ,
1552 2053 1645 2094 dum
1667 2059 1736 2097 ait:
1767 2059 1857 2098 Ante

1068 2109 1248 2165 languorem
1261 2109 1372 2149 adhibe
1387 2110 1598 2150 medicinam!
1627 2128 1787 2156 noverat
1797 2120 1856 2156 ni-

1066 2167 1369 2224 mirum&ipse‚
1401 2169 1517 2223 quam
1535 2170 1681 2212 Medici
1703 2178 1847 2230 experti

1065 2224 1220 2266 scientia
1237 2255 1248 2272 ‚
1276 2239 1339 2267 aut
1363 2225 1493 2267 labore
1518 2227 1734 2283 frequenter
1759 2233 1860 2273 indi-

1066 2298 1155 2340 geat
1166 2283 1249 2328 ille,
1274 2288 1339 2339 qui
1354 2288 1474 2326 vitam
1487 2287 1755 2342 protraherem
1769 2289 1857 2331 lon-

1066 2357 1156 2399 gam
1169 2341 1400 2383 senectutem
1411 2344 1613 2391 desiderat,
1649 2346 1721 2387 five
1735 2347 1853 2392 lanus,

1067 2415 1108 2441 ut
1135 2400 1400 2446 conlervetur,
1432 2401 1503 2443 sive
1529 2417 1627 2459 aeger
1643 2428 1654 2447 ‚
1685 2419 1726 2446 ut
1752 2406 1854 2447 resti-

1061 2470 1206 2499 tuatur?
1237 2472 1278 2499 ut
1302 2458 1401 2500 adeo
1443 2460 1545 2501 idem
1579 2461 1854 2505 Ecclefiasticus

1060 2516 1287 2572 singularem
1314 2518 1475 2559 Medico
1502 2519 1695 2561 honorem
1723 2522 1851 2563 haberi

1062 2573 1165 2617 velit,
1177 2577 1353 2629 inquiens
1374 2591 1382 2614 ε
1414 2578 1553 2616 Honora
1566 2577 1743 2626 ‘Medicum³
1754 2593 1853 2638 prop<-

1061 2647 1111 2672 ter
1149 2649 1218 2672 nece
1242 2647 1358 2673 itatem.
1417 2634 1558 2682 Porro,
1588 2640 1670 2691 quis
1711 2638 1849 2686 nescit,

1062 2706 1212 2747 magnum
1259 2697 1323 2741 (ut
1339 2706 1499 2748 magnus
1522 2697 1574 2734 ait
1599 2696 1848 2751 Augustinus)

1061 2748 1099 2788 de
1108 2750 1182 2789 Caelo
1202 2748 1340 2804 descendi
1364 2767 1379 2789 e
1400 2749 1590 2798 ‘Medicum
1622 2756 1699 2810 quia
1714 2771 1849 2812 magnios

1060 2808 1094 2847 in
1111 2806 1199 2847 tem?
1213 2807 1343 2862 jacebat
1363 2811 1529 2865 agrotm?
1558 2813 1724 2867 Magnus
1746 2814 1849 2855 certe

1059 2879 1243 2921 aegrotus,
1271 2866 1398 2907 Adam
1422 2871 1604 2908 nimirum
1644 2885 1690 2909 ex
1728 2875 1849 2913 vetito

1060 2938 1182 2979 pomo
1216 2921 1442 2980 languidus,
1470 2924 1625 2980 totaque
1651 2943 1740 2968 cum
1765 2930 1845 2986 ipso

1059 2981 1255 3038 posteritas
1274 2981 1322 3024 ad
1349 2996 1518 3022 mortem
1544 2997 1724 3026 aeternam
1745 2992 1843 3043 peri-

1057 3038 1277 3080 culofiffime
1307 3054 1354 3079 ex
1389 3039 1493 3080 malo
1516 3041 1756 3085 haereditario
1776 3044 1843 3087 de—

1055 3096 1261 3137 cumbens!
1291 3111 1539 3139 veruntamen
1571 3107 1635 3150 (ut
1653 3102 1766 3143 verba
1786 3104 1841 3145 so⁴

1057 3168 1153 3253 na111<t
1166 3155 1338 3254 l{jusdem
1360 3155 1631 3211 Ecclefiastici)
1662 3161 1840 3259 Altg'ffiznm

1179 3255 1196 3262 a
1228 3229 1250 3256 ι.
1794 3236 1809 3261 s

1868 2616 2006 2651 c.38.v.t
