2164 3413
73 895 133 931 Sap·
149 903 188 921 ιο.

78 944 104 964 v.
118 944 160 970 ¹4·

83 2304 147 2330 Gen.
159 2312 201 2330 ιο.

79 2351 92 2367 v
123 2353 165 2377 ¹7.
178 2349 204 2372 &

768 111 1083 193 Conceptus
1164 102 1373 183 XCIV,

230 202 264 241 se
275 218 427 257 quoque
442 201 592 244 asserere
605 200 705 260 posse
716 233 726 250 ‚
754 203 848 245 nulli
864 204 934 245 effe
946 206 1013 245 du-

233 260 337 301 bium
356 261 477 317 potest
492 292 502 308 ,
532 277 579 301 eo
596 262 794 317 praesertim
805 278 851 302 ex
874 266 1012 318 capite,

233 319 338 372 quod
371 326 381 367 (
390 321 492 372 juxta
503 321 748 375 Conceptum
762 319 987 376 superiorem
999 327 1010 370 )

233 375 255 415 a
270 380 424 417 nemine
437 376 505 417 sese
520 379 821 418 condemnatam
833 405 843 421 ‚
874 378 1013 434 gaude-

1701 120 1800 187 327

1061 208 1203 246 Fratres
1215 208 1313 260 ejus,
1340 207 1430 245 cum
1441 200 1558 245 efflent
1584 206 1659 246 orti
1685 218 1732 244 ex
1755 205 1843 244 Per-

1063 263 1192 304 illustri
1231 263 1365 316 Jacobi
1403 277 1540 318 genere
1568 290 1580 309 ‚
1630 261 1843 318 petulanter

1062 325 1215 362 mentiri
1240 336 1320 362 non
1347 319 1633 365 erubescebant,
1663 319 1779 361 verba
1799 318 1844 357 il-

1060 379 1095 420 la
1122 409 1132 425 ‚
1161 379 1303 420 {Patre
1331 408 1342 424 ,
1372 384 1540 419 animam
1567 380 1643 431 jam
1673 390 1808 432 agente
1832 404 1844 421 ,

233 447 271 473 at
285 437 431 480 Mater,
466 450 546 474 non
563 439 713 476 tantum
733 440 772 476 in
793 440 878 477 vitae
901 439 1014 476 totius
1059 437 1334 478 commendata
1373 436 1558 492 fingentes
1582 460 1593 478 >
1624 449 1664 475 ut
1695 436 1844 474 notavit

235 492 409 538 decuriu,
444 491 505 532 sed
527 497 642 533 etiam
665 500 703 534 in
732 493 810 550 ipso
835 497 1014 549 Concep-

238 552 351 590 tionis
381 549 449 591 suae
463 552 643 597 exordio,
676 552 1015 608 peromniaincul-

237 606 379 663 pabilis.
436 609 555 664 Qod
575 610 597 649 fi
610 613 772 651 Divinus
791 613 866 664 ejus
878 610 989 649 Filius
1006 638 1015 654 ‚

235 670 364 720 Agnus
392 667 653 707 immaculatus
675 694 685 711 ‚
718 683 782 723 per
816 684 860 708 ea
875 668 988 709 verba
1008 683 1016 704 ι

235 725 317 781 Qis
351 740 391 762 ex
427 725 518 764 ‘vobr's
553 740 665 782 arguet
694 742 741 765 me
776 726 813 764 de
841 738 965 782 peccato
995 726 1019 763 ,Ρ

236 782 455 834 Judacorum
470 782 646 823 confudit
662 784 856 838 perfidiam
868 813 877 828 ,
907 783 1020 823 auda·

237 839 413 894 ciamc'lue
435 840 752 881 calumniantium
765 842 1020 897 compescens,

237 897 396 937 mendaces
414 897 539 952 ostendit
548 928 556 943 ,
587 900 641 955 qui
654 900 898 939 maculaverunt
913 899 1018 938 illum:

239 956 442 996 mendaces
478 960 594 997 etiam
621 987 630 1002 ‚
670 959 869 997 occatione
915 958 1022 1010 hujus

241 1015 384 1059 textus,
426 1014 626 1055 ostendam
657 1016 757 1071 ego,
788 1022 826 1057 &
864 1029 1023 1055 temera-

241 1076 313 1112 rios
332 1087 466 1112 omnes
488 1072 594 1118 illos,
635 1077 700 1126 qui
718 1073 908 1113 maculam
925 1076 1023 1113 MA-

245 1144 293 1169 RI
314 1145 347 1170 AE
371 1130 547 1186 affingere
574 1134 613 1170 in
629 1133 899 1187 Conceptione
935 1130 1025 1170 alla-

243 1188 391 1228 borant.
450 1191 505 1228 Hi
545 1193 672 1235 enim,
702 1193 766 1244 qui
798 1189 1026 1245 puriffimam

245 1248 333 1286 DEI
346 1249 585 1287 Genitricem
597 1251 742 1303 peccati
760 1262 908 1303 arguunt,
932 1249 1026 1299 ejus-

242 1304 407 1359 demQue
420 1307 733 1361 Conceptionem
746 1305 828 1345 labe
847 1304 1023 1345 infectam

243 1363 551 1408 calumniantur,
585 1364 639 1402 nil
679 1363 780 1403 aliud
811 1363 957 1403 efficere
974 1366 1026 1403 vi-

243 1422 400 1463 dentur,
427 1421 541 1475 quam
557 1422 662 1475 quod
675 1436 818 1462 amaras
834 1438 879 1461 ex
893 1423 1026 1461 Divini

245 1480 325 1531 Filij
364 1479 483 1519 oculis
509 1479 723 1535 lachrymas
761 1484 976 1535 exprimant
1017 1497 1026 1523 3

245 1537 336 1590 quid
353 1541 458 1576 enim
480 1541 610 1593 aegrius
623 1537 733 1577 ferret
743 1538 836 1578 filiu>
848 1553 935 1593 erga
946 1540 1030 1577 Ma—

247 1609 342 1635 trem
360 1595 540 1638 devotus,
569 1595 685 1648 quam
701 1611 786 1635 eam
798 1596 942 1640 videre,
972 1599 1030 1634 in-

247 1652 436 1694 tolerabili
466 1652 594 1692 affictas
623 1653 715 1694 labis
735 1653 950 1709 ignominia
973 1657 1031 1692 in-

249 1709 410 1750 festam?
438 1715 501 1765 qui
522 1712 703 1766 proinde,
734 1726 774 1751 ut
796 1714 926 1767 pietati
948 1710 1029 1764 Filij

247 1769 490 1814 satisfaceret,
517 1784 661 1809 amaras
697 1769 798 1809 certe
820 1769 1031 1824 lachrymas

247 1825 440 1867 effundere
452 1841 662 1872 teneretur,
690 1827 741 1867 ob
759 1831 1030 1868 tantaminno-

248 1899 379 1925 center
388 1885 594 1940 redargutae
608 1887 742 1926 Matris
757 1885 1029 1926 infelicitatem.

249 1943 321 1984 Sed
335 1942 463 1984 lubeat
475 1945 692 1999 Conceptui
714 1943 843 1984 nostro
855 1959 901 1983 ex
917 1947 1032 1984 veteri

248 2001 477 2042 testamento
498 2001 833 2042 confirmationem
855 2016 1030 2056 quatrere.

248 2063 409 2100 Mortuo
443 2060 601 2100 tandem
622 2074 766 2116 magno
786 2059 854 2100 illo
873 2062 1030 2100 Patriar-

248 2117 321 2157 cha
343 2117 489 2168 Jacobo
506 2147 515 2163 ,
556 2119 696 2157 Fratres
709 2116 884 2173 josephi,
914 2121 1028 2158 timo-

249 2192 286 2215 re
304 2179 488 2232 correpti,
521 2175 567 2216 fic
595 2176 642 2215 ad
667 2175 906 2216 castiffimum
924 2177 1028 2215 hunc

248 2236 410 2291 AEgypti
436 2233 631 2274 Praesulem
654 2233 736 2274 sunt
757 2234 873 2274 locuti
896 2249 904 2272 τ
933 2237 1034 2273 Pater

248 2308 322 2330 rum
336 2293 483 2349 praecepit
505 2292 611 2337 nobe,
642 2293 810 2348 antequdm
840 2305 1032 2337 moreretur,

248 2365 283 2388 ut
297 2351 355 2389 haec
373 2350 429 2389 tibi
448 2350 554 2389 verbis
570 2349 652 2388 illim
670 2349 862 2388 diceremus.-
892 2349 1030 2405 Obſscrm

247 2423 284 2447 ut
317 2408 509 2463 obli-wiſsara
532 2407 656 2462 fielerv's
697 2410 844 2461 fratrum
872 2421 995 2446 tuorum
1021 2437 1030 2453 ‚

247 2475 285 2508 ώ-
302 2468 422 2522 peccati
443 2496 453 2511 ‚
482 2480 577 2521 atque
598 2466 725 2504 malitiae
745 2495 753 2509 ‚
785 2481 879 2520 quam
903 2482 1032 2504 exercu-

247 2540 337 2563 ‘Yunt
352 2526 384 2563 in
406 2539 435 2562 te
461 2541 467 2562 ἶ
497 2540 551 2562 nos
563 2540 681 2580 quoque
701 2539 848 2565 branna,
880 2538 915 2562 ut
933 2523 1031 2577 ſsY‘vo

249 2584 284 2620 D
304 2585 338 2620 E
356 2585 399 2628 I,
443 2582 537 2621 Patri
569 2581 629 2620 duo
665 2580 800 2620 dimittar
836 2582 1031 2637 iniquitatem

250 2640 339 2678 hanc.
400 2640 479 2680 Hic
524 2643 739 2680 examinare
781 2639 876 2678 mihi
919 2639 1032 2679 liceat

248 2713 390 2737 amaras
404 2699 626 2738 Patriarchae
637 2698 719 2749 Jole
723 2697 788 2753 phi
799 2697 1007 2753 lachrymas
1020 2716 1029 2743 3

249 2769 289 2795 ut
316 2758 421 2794 enim
434 2759 543 2797 Sacer
554 2759 698 2796 Textus
715 2755 936 2796 immediate
948 2754 1026 2795 sub-

248 2815 370 2868 jungit
396 2832 402 2852 ;
436 2816 504 2852 Hbs
523 2813 749 2867 auditaeflewit
767 2813 887 2868 Joftph.
950 2816 1028 2855 Cur

249 2886 363 2926 ergo,
392 2874 462 2912 Vir
494 2872 761 2926 praeclarissiine
788 2876 794 2910 !
828 2870 949 2911 modo
983 2871 1034 2912 la-

250 2929 424 2984 chrymas
447 2928 570 2968 fundis
590 2959 599 2976 ,
628 2934 691 2984 qui
725 2929 816 2969 mira
836 2929 1034 2983 quondam

249 2986 489 3031 fortitudine,
524 2989 683 3042 Regiam
710 2988 811 3027 illam
828 2987 1034 3043 pulchritu-

250 3045 380 3084 dinem
416 3059 452 3084 te
473 3043 706 3084 allicientem
730 3045 927 3101 superasti?
960 3050 1033 3087 Ve-

253 3106 335 3142 rum
355 3102 472 3142 multa
508 3101 539 3141 ste
559 3101 723 3142 offerunt
745 3103 815 3142 hac
847 3104 894 3143 de
921 3119 958 3143 re
979 3103 1035 3144 di-

252 3160 384 3200 cenda.
444 3159 565 3201 Flevit
613 3162 717 3201 enim
747 3159 914 3217 Joseph3
948 3164 1036 3216 quia

1062 497 1250 551 Lyranus,
1268 495 1361 551 staper
1365 495 1501 551 praefata
1526 493 1648 538 verba,
1680 492 1742 532 ubi
1762 493 1847 531 No-

1064 553 1156 594 biles
1183 553 1428 609 reprehendit
1462 552 1650 593 averitate
1673 550 1848 590 aberran-

1065 626 1140 656 tes,
1172 609 1715 666 &amplectentesmendacia
1766 606 1848 647 Fle-

1066 683 1122 709 v1t
1150 672 1288 714 etiam5
1322 672 1409 722 quia
1448 668 1625 723 putavere
1664 669 1804 705 Fratres
1838 694 1848 709 ,

1064 725 1271 780 Josephum
1295 728 1523 781 praeteritam
1543 725 1767 781 proditionis
1793 726 1850 762 in-

1066 786 1200 838 juriam
1223 784 1526 824 vindicaturum:
1558 798 1635 837 quo
1656 797 1737 822 non
1765 795 1850 821 mo-

1068 843 1198 882 dicum
1223 841 1521 881 dedecor-abatur
1559 843 1635 893 ejus
1662 854 1775 880 virtus
1811 844 1850 879 &

1070 899 1269 944 nobilitas
1300 902 1390 938 curn
1403 899 1609 938 vindictam
1633 897 1773 937 sumere
1803 897 1851 936 de

1071 958 1211 1010 injurijs
1239 985 1250 1002 ‚
1281 956 1698 1012 ignominiosiffimum,
1729 954 1852 1008 dec‘lue

1072 1019 1153 1056 viro
1174 1018 1342 1070 ingenuo
1360 1015 1395 1053 id
1409 1013 1573 1069 suspicari
1597 1011 1855 1068 prorlussitla-

1073 1072 1319 1129 chrymabile.
1382 1075 1462 1127 Ego
1503 1077 1654 1111 interim
1700 1071 1747 1110 ad
1773 1084 1855 1109 rem

1074 1130 1293 1187 praesentem
1325 1129 1535 1185 respondeo
1562 1145 1568 1167 ε
1610 1130 1696 1168 ideo
1719 1126 1854 1169 fievisse

1073 1189 1299 1244 Jolephum3
1328 1203 1415 1241 quia
1434 1191 1523 1228 cum
1547 1190 1687 1227 Fratres
1709 1189 1783 1239 ejus
1800 1201 1855 1225 re-

1074 1248 1248 1303 digerent
1261 1250 1298 1285 in
1321 1252 1547 1286 memoriam
1559 1272 1568 1287 ‚
1596 1246 1857 1300 proditionem

1074 1304 1179 1345 illam
1204 1304 1394 1344 Ismaelitis
1426 1303 1561 1344 fastam
1580 1331 1589 1346 2
1622 1319 1669 1343 eo
1692 1302 1767 1357 ipio
1788 1304 1856 1342 Pa-

1075 1377 1220 1403 rentem
1234 1377 1386 1416 quoque
1399 1361 1585 1412 Jacobum
1613 1365 1706 1400 tanti
1728 1359 1856 1416 flagitij

1075 1420 1308 1476 complicem
1321 1420 1453 1464 facere,
1475 1435 1517 1459 ac
1530 1420 1695 1472 ejusdem
1718 1433 1805 1459 cum
1818 1417 1859 1457 fi-

1078 1480 1134 1533 lijs
1168 1482 1362 1533 inquitatis
1379 1494 1508 1534 arguere
1520 1478 1747 1518 videbantur
1763 1506 1772 1521 ,
1801 1476 1859 1515 di-

1079 1538 1226 1578 cendo:
1258 1538 1334 1576 Nos
1367 1552 1484 1592 quoque
1515 1551 1668 1579 oramzos,
1716 1548 1750 1572 ut
1763 1533 1860 1588 servo

1081 1598 1199 1640 DEI,
1227 1597 1322 1634 Patri
1336 1609 1388 1632 tuo
1399 1593 1535 1632 dimicem
1558 1594 1753 1649 iniquitatem
1767 1591 1860 1632 hanc.

1079 1655 1187 1694 Hinc
1207 1652 1368 1693 minime
1388 1651 1604 1691 mirandum
1624 1680 1634 1696 ,
1666 1649 1770 1704 quod
1796 1654 1862 1701 Jo-

1079 1712 1168 1767 seph
1180 1710 1392 1766 lachrymas
1404 1708 1594 1754 effundat„
1624 1712 1713 1748 cum
1734 1708 1860 1753 audit,

1080 1772 1228 1810 Patrem
1262 1783 1415 1822 quoque
1441 1766 1613 1808 fraterna>
1637 1766 1862 1822 proditionis

1079 1828 1173 1883 argui
1186 1857 1196 1873 ,
1226 1826 1437 1880 eademque
1447 1841 1536 1866 cum
1550 1825 1729 1865 undecim
1742 1823 1861 1864 fratri·

1080 1884 1270 1941 busculpa
1302 1883 1503 1924 maculari?
1541 1883 1720 1923 Alienum
1753 1896 1861 1921 nam-

1080 1957 1156 1998 que
1172 1942 1275 1984 scivit
1306 1942 1493 1994 Jacobum
1515 1941 1657 1981 atanto
1679 1943 1860 1985 crimine3

1082 2015 1274 2046 attamen,
1307 2004 1394 2055 quia
1428 2000 1591 2044 audivit,
1639 1999 1659 2038 a
1691 1997 1862 2037 fratribus

1084 2059 1212 2115 flagitij
1241 2059 1347 2099 illum
1374 2059 1485 2114 argui,
1516 2056 1796 2111 quamvlsfalsi,
1823 2059 1864 2095 in

1082 2133 1225 2157 amaras
1242 2116 1378 2157 merito
1400 2115 1591 2156 resolvitur
1618 2115 1829 2169 lachrymas
1852 2142 1863 2158 ,

1081 2179 1197 2215 ctiam
1217 2175 1347 2215 falsum
1369 2179 1407 2214 in
1430 2177 1535 2213 Patre
1555 2178 1698 2212 crimen
1730 2171 1863 2226 deplo-

1084 2249 1177 2273 rans.
1239 2236 1284 2273 Et
1301 2232 1397 2276 lane,
1411 2232 1611 2285 quomodo
1634 2231 1709 2269 fieri
1724 2228 1863 2285 pollet,

1081 2291 1269 2343 Jacobum
1298 2288 1521 2330 contraxiffe
1538 2289 1688 2343 culpam
1703 2317 1713 2333 ‚
1746 2292 1862 2338 &Jo—

1082 2349 1236 2404 sephum
1276 2348 1395 2388 filium
1430 2363 1476 2387 ex
1510 2348 1553 2387 ea
1573 2347 1759 2386 dedecore
1780 2360 1861 2384 non

1081 2407 1200 2446 affici?
1231 2409 1286 2446 Ex
1303 2421 1380 2460 quo
1403 2405 1556 2460 sequens
1580 2420 1647 2460 pro
1672 2403 1861 2443 firmando

1082 2464 1209 2505 nostro
1228 2467 1432 2519 Conceptu
1453 2464 1590 2504 deduci
1609 2461 1730 2518 potest
1754 2476 1861 2517 argu-

1079 2537 1255 2562 mentum
1271 2557 1276 2563 .
1311 2526 1345 2563 Si
1363 2522 1501 2577 Joseph
1518 2521 1576 2561 vel
1592 2523 1796 2560 mentitum
1809 2518 1862 2558 ob

1080 2584 1226 2620 crimen
1258 2610 1267 2625 ‚
1299 2580 1319 2620 a
1339 2580 1521 2620 Fratribus
1542 2581 1689 2619 Parenti
1712 2577 1861 2632 impoli-

1080 2653 1184 2684 tum,
1213 2638 1310 2679 adeo
1334 2639 1494 2679 tristatur
1521 2666 1532 2682 ‚
1580 2651 1619 2677 ut
1650 2635 1862 2690 lachrymas

1080 2696 1261 2737 cohibere
1287 2711 1367 2737 non
1385 2696 1514 2752 poffit:
1544 2710 1634 2748 quas
1654 2694 1862 2748 lachrymas

1080 2755 1250 2796 Christus
1269 2770 1348 2794 non
1369 2753 1577 2794 effunderet
1592 2782 1601 2797 ‚
1634 2752 1656 2791 li
1680 2754 1862 2791 MAR1AE

1078 2814 1271 2869 puriffimae
1298 2815 1374 2865 ejus
1393 2814 1581 2853 Genitrici
1605 2818 1613 2858 (
1637 2825 1719 2863 quae:
1735 2808 1787 2848 est
1798 2808 1865 2847 de-

1083 2887 1171 2916 cor,
1193 2870 1323 2923 &stella
1333 2870 1458 2918 Jacob)
1484 2867 1676 2908 mortifera
1699 2866 1760 2905 illa
1774 2868 1864 2905 Pro-

1083 2943 1326 2985 toparentum
1338 2927 1448 2982 culpa
1470 2930 1747 2981 imponeretur?
1775 2923 1861 2963 fila-

1084 2987 1130 3028 be
1159 2985 1336 3042 originali
1366 2985 1503 3024 infesta
1537 2984 1753 3023 diceretur?
1778 2981 1802 3021 fi
1825 2980 1864 3019 de

1077 3058 1223 3101 peccato,
1256 3042 1361 3097 quod
1377 3042 1484 3082 nullo
1508 3056 1675 3095 unquam
1689 3054 1865 3079 momen-

1083 3117 1124 3142 to
1139 3105 1352 3144 contraxit,
1389 3099 1503 3155 impie
1525 3099 1545 3138 a
1571 3096 1866 3154 malignantibus

1081 3161 1295 3217 argueretur?
1318 3158 1531 3214 praesertim,
1545 3160 1634 3197 cum
1649 3162 1782 3197 timere
1798 3157 1866 3192 eti-

1774 3225 1836 3251 arn
