2164 3413
134 251 195 277 &90
223 251 248 272 V·
259 252 284 271 2-

138 853 226 881 Tom.
242 862 268 883 ¹.

139 896 225 924 Setm.
240 900 287 924 61.

183 1153 255 1184 lbid.

143 1843 176 1870 In
195 1846 272 1870 Lam

143 1885 220 1911 Sent.
233 1880 293 1910 dist.

144 1935 193 1960 44·
205 1932 230 1953 a.
244 1932 270 1957 3·

143 1965 180 1994 ad
195 1973 273 2001 ωιτη

145 3084 213 3115 Psal·
231 3091 296 3113 101.

342 67 427 123 168

302 153 623 211 exoptatiffimum
640 181 650 199 ‚
680 150 772 193 lsai&
802 150 849 191 fic
872 148 1093 190 attestante:

306 213 468 271 Populus,
499 208 751 270 quiambulabat
779 211 812 250 in
825 207 981 250 tenebra,
1011 206 1098 247 vidit

293 273 405 324 ‚lucem
420 286 570 328 magnam
581 301 592 318 ‚
610 269 792 326 sedentibus
807 269 839 307 in
850 268 972 323 regione
982 266 1098 304 umbra

305 332 417 372 mortis
435 331 495 370 lux
514 344 584 370 orta
601 329 708 383 afleti.
780 325 932 382 Insuper
964 339 1099 378 quem-

306 389 524 430 admodssrm
543 401 743 441 nunquam
755 385 832 425 sine
844 383 929 425 luce
945 382 1022 429 Sol,
1053 382 1100 422 sic

307 451 477 493 ΜΑΚΙΑ,
508 445 682 502 quamvls
707 457 885 485 materno
897 441 1022 483 adhuc
1043 443 1102 480 in-

308 505 408 547 clusa
428 519 537 547 utero
552 535 562 552 ‚
603 501 827 558 nunquam,
858 499 908 542 ne
935 515 1001 557 per
1018 502 1102 540 uni-

309 580 399 606 cum
411 564 569 619 quidem
582 562 723 604 instans
735 590 744 607 ‚
776 560 846 601 fuit
856 560 932 600 fine
944 561 1102 599 rationis

308 622 456 664 lumine
486 652 497 669 ,
527 636 690 663 omnem
717 622 866 676 peccati
895 616 1102 674 caliginem

308 684 460 740 penitus
492 680 734 722 excludente.
803 680 911 718 Hinc
938 674 1101 716 minime

305 741 526 782 mirandum
540 738 635 780 illud
647 768 658 786 ,
690 737 797 793 quod
810 738 934 778 Divus
945 738 1102 776 Bernar·

304 799 417 840 dinus
447 797 620 841 Senensis
671 809 852 838 notanter
896 793 1069 834 observat
1089 821 1099 837 ,

307 860 437 904 Tamo,
469 860 667 912 inquiens,
698 855 816 895 lumine
856 852 1011 907 illustrata
1030 851 1101 906 fuit

308 920 415 956 Beata
424 917 528 973 Virgo
539 945 550 962 ,
580 915 649 955 citm
664 912 835 954 etiam-nam
845 912 913 967 eſjet
938 911 972 950 in
986 923 1101 950 ‘ventre

307 976 460 1020 masas,
492 972 577 1031 quod
585 989 645 1014 non
660 971 786 1012 tantiam
800 970 898 1027 plena
900 969 970 1024 fuit
983 968 1101 1007 lumine

307 1034 464 1076 rationis,
486 1032 547 1087 sed
564 1033 661 1071 etiam
690 1030 837 1085 altiffimae
864 1026 1102 1083 contemplatio-

311 1093 373 1132 nis.
401 1092 509 1146 quod
546 1088 678 1146 paullo
700 1086 785 1144 post
810 1085 964 1127 ulterius
977 1084 1101 1141 prose-

308 1153 436 1205 quitur
459 1149 591 1189 dicens
613 1168 621 1188 ι
655 1146 717 1187 Ad
728 1159 856 1185 tantam
867 1143 1102 1200 contemplatio-

309 1224 379 1248 nem
392 1207 568 1263 fitblimata
582 1207 622 1260 est
646 1234 656 1252 ,
688 1220 723 1245 ut
751 1202 918 1261 perfefliics
943 1203 1040 1241 etiam
1068 1202 1102 1241 in

308 1280 424 1308 'ventre
455 1266 588 1305 Matris
614 1282 618 1292 ⁴
637 1262 897 1318 contemplaretur
911 1261 1068 1300 DELIM
1089 1284 1101 1303 ‚

308 1325 405 1382 quam
420 1339 561 1381 unquam
584 1322 810 1379 contemplatus
809 1321 914 1375 fuerit
938 1319 1054 1375 aliquis
1068 1318 1103 1357 in

305 1382 449 1441 perfida*
464 1396 569 1425 aetate.
628 1381 689 1423 Ad
708 1380 816 1433 hujus
828 1381 960 1419 Fontis
977 1380 1103 1433 Virgi-

311 1445 377 1483 nei
397 1440 687 1482 amaeniffimum
709 1436 929 1482 decursum,
954 1435 1104 1476 clarita-

312 1499 470 1555 temque
492 1498 720 1556 purissimam
735 1526 746 1544 ‚
776 1494 922 1537 summe
943 1494 1107 1535 deleeta-

314 1573 374 1600 tus
387 1561 439 1600 D.
452 1558 629 1599 Thomas
657 1559 848 1610 Aquina5‚
887 1567 989 1594 totus
1013 1551 1107 1608 ipse-

313 1619 447 1658 metin
462 1616 591 1658 lucem
609 1644 621 1662 ,
650 1612 858 1668 Solemque
882 1609 1106 1657 conversus,

314 1680 356 1717 in
371 1690 488 1731 aquas
506 1673 686 1732 plurimas
717 1671 875 1713 laudum
905 1673 1107 1726 Virginea-

315 1750 402 1776 rum
425 1732 653 1775 redundavit
673 1758 685 1776 ‚
722 1734 824 1771 inter
852 1728 925 1770 alia
941 1729 1024 1769 haec
1057 1743 1107 1768 ex

313 1792 515 1835 clariffimo
526 1791 708 1832 doetrinae
727 1790 797 1830 suae
809 1786 1003 1844 Angelicae
1016 1785 1105 1826 fon-

314 1866 351 1893 te
366 1850 572 1892 liberaliter
580 1848 837 1906 profundens:
862 1846 967 1900 Potest
981 1842 1107 1902 aliquid

313 1924 453 1951 creatum
464 1910 594 1966 reperiri
607 1937 618 1955 ‚
647 1923 707 1965 quo
728 1902 995 1963 nibilpuriuseffe
1006 1903 1106 1961 potest

315 1971 349 2010 in
379 1968 470 2009 rebus
497 1968 631 2013 creatis,
653 1966 684 2021 fi
705 1964 792 2005 nulla*
821 1964 1002 2019 contagione
1029 1974 1106 2019 pec-

315 2029 379 2068 cati
389 2027 587 2083 inquinatum
594 2024 649 2080 fit,
673 2032 711 2067 (β’
722 2023 872 2077 talo'sfuit
885 2022 1009 2078 puritas
1017 2024 1106 2060 Bea-

313 2101 351 2126 tae
365 2088 404 2126 V
405 2085 536 2141 irgines,
570 2099 637 2140 quae
661 2083 682 2122 ax
697 2094 825 2139 peccato
854 2080 1026 2136 originali,
1066 2086 1105 2121 &-

313 2144 436 2184 asinali
457 2144 606 2184 immuna'
615 2141 698 2197 filit.
757 2141 813 2179 Ex
837 2153 915 2192 quo
935 2140 1103 2178 Mariani

313 2205 447 2243 Fontis
472 2201 622 2243 claritas
654 2205 695 2241 ὃς
715 2197 932 2253 amplitudo
951 2195 1105 2236 abunde

313 2274 483 2318 apparet.
544 2256 738 2314 Superest,
768 2258 899 2296 Fontis
912 2255 1020 2308 hujus
1032 2252 1108 2294 cla-

316 2321 461 2366 rfflimi,
493 2323 726 2372 &aquarum
750 2313 889 2355 exinde
911 2311 1107 2369 prosilien-

317 2382 415 2420 tium
446 2377 651 2419 utilitatem
695 2376 822 2430 paucis
858 2371 1105 2428 perpendere.

318 2440 422 2479 Sicut
431 2439 538 2477 enim
558 2431 795 2490 quadruplex
809 2430 1041 2488 potissimum
1054 2429 1108 2470 est

317 2511 426 2550 aquae
448 2494 588 2536 utilitas
612 2521 623 2539 ,
655 2490 781 2547 primo
803 2489 910 2544 quod
926 2489 1024 2529 fitim
1045 2504 1110 2528 ex-

318 2558 469 2611 tinguat
480 2583 490 2599 ,
506 2550 674 2593 secundo
689 2548 813 2590 sordes
825 2547 954 2589 abluat
966 2577 974 2593 ,
994 2546 1109 2587 tertio

318 2608 450 2654 hortos
462 2615 602 2667 irriget,
611 2607 748 2663 quarto
764 2608 931 2661 denique
942 2606 990 2646 ad
1003 2604 1110 2646 cibos

318 2670 595 2725 decoquendos
607 2667 787 2708 deserviat
808 2684 815 2706 :
847 2665 1014 2705 eundem
1032 2663 1110 2720 pla-

320 2730 368 2770 ne
388 2733 428 2770 in
441 2728 604 2769 modum
619 2729 788 2780 Deipara
801 2754 810 2770 ‚
843 2726 944 2764 Fons
961 2722 1025 2762 ille
1044 2738 1110 2778 pu-

320 2788 495 2832 riffimus,
527 2801 572 2827 ac
587 2784 802 2825 clariffimus
815 2813 824 2829 ‚
857 2782 881 2822 s1
893 2780 1032 2823 devota
1048 2797 1111 2820 ve-

322 2850 523 2887 neratione
543 2844 566 2885 a
587 2843 698 2884 nobis
724 2841 941 2898 degustetur
956 2869 966 2885 ,
997 2840 1110 2880 vehe-

320 2904 594 2944 mentiffimum
639 2900 799 2942 carnalis
816 2929 826 2945 ‚
865 2915 908 2940 ac
952 2912 1109 2938 terrenae

319 2960 639 3017 concupiscentiae
671 2959 849 3000 ardorem
877 2960 1075 3012 extinguet
1098 2986 1109 3001 ,

319 3019 585 3076 putridissimas
633 3022 841 3058 criminum
892 3014 1109 3056 nostrorum

318 3076 488 3119 maculas
508 3076 611 3117 eluet
632 3105 642 3121 ‚
673 3092 741 3116 cor
765 3075 935 3116 nostrum
962 3103 972 3118 ,
1002 3072 1109 3126 quod

318 3136 411 3178 teste
448 3147 656 3193 purpurato
691 3139 789 3177 Vate
809 3163 819 3178 ‚
860 3133 963 3172 ‘veluti
987 3132 1108 3186 foenum

723 60 816 120 De
828 55 1120 136 Concepta
1148 57 1302 116 Sacra
1327 55 1562 132 Deipara

1146 153 1250 194 aruit,
1287 150 1336 190 ad
1363 147 1691 206 germinandum,
1722 143 1906 199 floresque
1928 161 1938 177 ν

1147 227 1191 251 ac
1207 209 1345 250 fruftus
1374 207 1644 264 producendos
1658 208 1662 209 ⁷
1675 203 1907 245 fiecundabit
1926 223 1937 239 ›

1148 284 1265 326 opera
1275 268 1442 321 denique
1457 266 1585 307 nostra
1598 294 1609 310 ‚
1639 260 1769 304 insulsa
1781 260 1844 302 illa
1856 257 1937 316 qui‘

1149 329 1264 373 dem,
1294 341 1338 366 ac
1371 325 1489 365 cruda
1509 354 1521 371 ‚
1569 339 1641 364 nec
1676 322 1792 379 digna
1814 347 1824 363 2
1854 334 1938 374 quae

1151 389 1305 428 Divinis
1334 383 1454 439 epulis
1484 381 1716 427 inferantur,
1747 384 1801 420 ita
1825 392 1940 418 exco-

1151 458 1245 500 quet
1258 473 1270 490 ‚
1300 457 1343 483 ut
1363 440 1425 484 vel
1444 442 1510 498 ipfi
1540 443 1656 483 DEO
1676 439 1867 496 gratissimi
1889 434 1942 475 sa-

1152 510 1254 562 poris
1269 500 1482 542 futurasmt.
1542 500 1604 541 Ad
1615 500 1719 540 hunc
1732 512 1823 554 ergo
1840 498 1942 536 Fon-

1152 578 1255 607 tem,
1287 574 1404 614 quem
1428 557 1657 600 Methodius
1696 558 1745 598 sic
1786 552 1939 596 affatur:

1152 622 1252 663 Salvae
1274 618 1485 659 humanitatis
1502 617 1683 673 Filijfons!
1713 622 1752 658 ὃς
1779 614 1942 670 Epipha-

1151 686 1257 722 nius:
1287 679 1369 717 Awe
1374 678 1486 733 gratia
1491 677 1591 733 plena
1617 705 1628 723 ,
1654 675 1871 732 quaefitientes
1884 686 1942 732 pe-

1151 739 1260 780 rennis
1286 736 1392 791 fonti&
1438 733 1600 775 dulcedine
1630 734 1734 790 satias
1762 765 1772 782 ,
1805 741 1943 792 pariter

1151 794 1382 853 Chryfippus
1408 809 1416 832 :
1448 795 1551 839 Ave,
1582 809 1648 850 quae
1672 810 1703 832 es
1729 805 1844 850 puteus
1857 796 1941 850 fim-

1142 870 1202 915 per
1221 855 1369 896 ‘viventis
1389 854 1501 909 aquae!
1531 852 1580 892 ad
1604 852 1710 892 hunc
1726 882 1736 898 ,
1769 856 1941 907 inquam,

1149 919 1315 957 Fontem
1333 926 1551 968 peccatores
1563 911 1846 967 lachrymarum
1863 929 1943 969 poe-

1150 973 1360 1016 nitentium
1394 969 1521 1011 fontes
1560 970 1757 1026 adjungite
1787 986 1795 1008 z
1825 972 1941 1028 crefiat

1149 1033 1270 1075 vestra
1283 1034 1322 1070 in
1334 1028 1623 1069 immaculatam
1648 1032 1851 1085 Virginem
1877 1031 1943 1071 de-

1151 1087 1471 1142 votioinfluwium,
1503 1102 1545 1128 ut
1560 1087 1699 1127 exinde
1719 1089 1752 1126 in
1776 1089 1873 1127 lucem
1888 1089 1942 1145 fi)-

1150 1151 1270 1208 lemque
1281 1178 1292 1195 ,
1324 1149 1448 1188 DEuM
1459 1146 1601 1186 scilicet
1612 1162 1743 1187 verum
1765 1162 1812 1186 ex
1825 1148 1941 1188 corde

1151 1205 1322 1250 converfi
1338 1236 1348 1253 ,
1389 1208 1493 1259 aquis
1525 1209 1730 1262 gratiarum
1751 1205 1920 1259 plurimis
1935 1234 1946 1250 ,

1151 1272 1191 1309 in
1220 1283 1288 1310 vos
1311 1281 1379 1323 per
1395 1267 1575 1305 MAMAM
1612 1264 1913 1306 redundantibus
1932 1295 1943 1311 ,

1151 1326 1390 1384 repleamini,

1334 1405 1373 1470 §.
1396 1415 1448 1457 2.
1482 1400 1778 1453 Anthana-as.

1191 1495 1240 1538 B.
1254 1491 1362 1556 Hal]
1374 1490 1534 1534 MonIs
1554 1521 1567 1542 ,
1615 1491 1686 1534 De
1712 1490 1909 1549 vii-glire

1323 1553 1577 1618 ConCepta
1602 1559 1787 1618 opInIo.

1155 1650 1195 1689 In
1206 1644 1276 1703 ipsa*
1285 1643 1464 1684 haereditate
1484 1642 1616 1681 Domini
1641 1656 1764 1680 morata
1786 1642 1825 1693 est
1841 1644 1943 1680 2?le-

1213 1706 1324 1760 ΨΑ,
1358 1718 1426 1760 quae
1447 1717 1508 1741 non
1523 1699 1702 1756 peccando,
1737 1699 1756 1738 a
1776 1698 1947 1756 poffiffione

1213 1762 1347 1802 Domini
1365 1777 1427 1800 non
1444 1759 1569 1815 disceffit
1584 1788 1593 1803 ‚
1617 1757 1676 1813 ſsd
1690 1759 1846 1813 integram
1849 1759 1946 1813 fitam

1208 1821 1351 1861 animam
1380 1819 1401 1857 ὰ
1423 1816 1664 1874 concupiscentie?
1677 1845 1688 1862 ,
1720 1824 1757 1858 (9⁴
1779 1833 1903 1857 carnem
1925 1819 1947 1857 ιὶ

1210 1880 1406 1936 corruPtione
1424 1877 1565 1933 servans
1593 1905 1603 1921 ‚
1629 1875 1731 1931 portio
1758 1876 1948 1918 hay-edicatis

1213 1940 1311 1977 DEI
1321 1936 1425 1993 effic'la
1436 1936 1484 1989 est.
1544 1934 1694 1975 Homil.
1709 1939 1749 1974 in
1769 1936 1881 1991 Epist,
1897 1939 1946 1981 de

1213 1994 1394 2052 Assumpt.
1414 1996 1556 2035 Mariae.

1394 2080 1435 2130 §.
1452 2081 1491 2139 3,
1527 2071 1709 2131 ‘Ratio

1242 2147 1463 2197 DebItorI
1548 2145 1698 2192 Vestes
1749 2152 1866 2196 §Vnt

1354 2220 1742 2266 ConCeDenDae.

1258 2295 1409 2337 Hristus
1421 2297 1618 2336 Dominus
1640 2291 1823 2347 tanquam
1840 2307 1947 2332 verus

1284 2355 1475 2396 mediator
1495 2383 1506 2400 ,
1560 2369 1607 2394 ac
1635 2349 1824 2406 fidejussor
1844 2350 1947 2405 apud

1160 2416 1313 2455 Patrem
1327 2428 1537 2455 aeternum,
1567 2417 1608 2454 ὅ(
1627 2411 1808 2465 justitiam
1835 2411 1948 2449 Divi-

1159 2490 1278 2516 nam,
1311 2475 1446 2515 omnia
1476 2471 1607 2512 debita
1634 2469 1782 2512 nostra,
1815 2467 1854 2506 id
1871 2465 1946 2515 est,

1159 2549 1316 2595 peccata
1341 2563 1351 2579 ,
1389 2531 1686 2572 inhumanitate
1731 2524 1915 2582 aiiumpta
1937 2556 1948 2574 ,

1159 2604 1199 2639 in
1216 2598 1249 2639 ie
1264 2595 1419 2650 suscepit
1434 2623 1444 2638 ‚
1480 2605 1520 2631 ut
1535 2590 1672 2629 dicitur
1682 2585 1780 2626 Istue:
1795 2600 1839 2635 53-
1859 2601 1893 2625 v.
1907 2600 1948 2636 4.

1161 2658 1243 2699 Ver&
1255 2656 1421 2710 languores
1445 2651 1559 2700 nostros
1577 2647 1636 2705 ipse
1647 2647 1722 2685 tulit
1740 2675 1749 2690 ‚
1773 2653 1810 2686 (9‘
1828 2643 1949 2684 dolores

1160 2719 1274 2771 nostros
1305 2714 1364 2771 ‘ff'
1389 2710 1546 2767 portavit.
1608 2708 1656 2746 Et
1695 2708 1808 2745 Beata
1827 2706 1949 2760 Virgo

1159 2789 1238 2815 erat
1267 2775 1343 2825 ejus
1372 2769 1505 2814 vestis3
1532 2767 1605 2806 hac
1635 2769 1742 2806 enim
1763 2777 1950 2817 tanquam

1161 2833 1260 2874 veste
1275 2829 1472 2886 tegebatur
1485 2856 1494 2871 ,
1527 2841 1591 2881 per
1611 2838 1755 2865 novem
1775 2820 1949 2868 Menses,

1161 2895 1201 2931 in
1224 2894 1299 2943 cius
1318 2884 1491 2943 virginali
1521 2898 1682 2940 corpore
1705 2878 1948 2924 delitescens,

1160 2966 1206 2990 ex
1232 2949 1334 3001 cujus
1365 2959 1478 2985 carne
1510 2942 1698 2998 assumpsit
1731 2940 1949 2980 humanita-

1162 3023 1262 3052 tem,
1295 3003 1439 3046 vestem
1454 3016 1615 3057 nempe,
1646 2998 1722 3054 qua
1748 2997 1849 3038 luam
1878 2999 1950 3037 Di-

1160 3070 1362 3108 vinitatem
1373 3061 1547 3117 tegebat,
1571 3065 1611 3101 ὃ(
1631 3056 1842 3114 operiebat,
1869 3057 1952 3108 jux-

1161 3138 1198 3164 ta
1220 3122 1311 3162 illud
1324 3120 1488 3176 Philipp.
1508 3135 1539 3159 c.
1553 3124 1587 3158 6.
1620 3133 1652 3158 v.
1673 3133 1707 3170 7.
1748 3118 1788 3155 In
1798 3112 1948 3166 similitu-

1809 3169 1913 3210 dinem

1965 551 1994 577 ln
2020 549 2114 588 hypo-

1964 600 2077 627 panten.

1963 632 2035 660 Orat
2056 633 2090 660 de

1966 674 2045 711 Deip.

1963 774 2048 800 Serm.
2058 771 2092 800 de

1963 815 1987 841 S,
2002 814 2043 841 M.

1965 1430 2079 1488 345‘

1967 2150 2091 2221 346·
